2224 3862
105 233 163 290 222
477 229 633 295 T4L1v11
656 235 659 242 “

109 397 185 457 ‘roa
205 400 314 466 praeter
333 379 403 458 odia,
424 389 596 458 offensiones,
614 389 767 448 simultates
781 387 903 465 publicas
917 387 1058 465 privatae-¹

112 470 210 544 ‘quei
238 489 255 526 a
275 470 377 545 quibus¹
395 489 504 546 semper
521 490 576 528 non
601 471 692 528 restria
709 470 809 525 virtute
829 468 1064 545 innocentiique,

113 549 193 616 ‘sed,
220 550 322 607 anxilio
348 549 456 608 alieno¹
476 550 528 606 tuti
549 550 617 606 sitis.
664 550 708 606 ,Ae
728 547 873 614 Hercules,
894 567 982 622 quum
1006 549 1063 606 eti-¹

113 636 122 666 ‹
134 626 242 705 pendia,
258 628 336 686 nobis
349 628 514 696 consulibus,
528 649 583 686 nou
597 627 714 686 tribunis
726 627 851 693 ducibus,
865 638 895 683 et
907 629 936 683 in
947 627 1058 694 castris,

113 715 189 764 ‘non
204 707 230 764 in
245 707 313 776 loro,
327 707 477 776 faciebatis,
497 721 526 765 et
538 708 567 764 in
580 708 638 765 acie
653 719 773 764 restrum
788 707 933 764 clamorem
948 705 1059 774 hostes,

113 795 189 843 ‘uon
206 787 233 843 iu
254 787 387 846 concione
408 788 504 845 Patres
525 787 645 844 Romani
662 785 817 850 horrebant,
839 785 942 862 praedit
966 787 1058 861 partit,

113 873 120 902 ‘
134 885 200 942 agro
213 885 248 923 ex
261 864 340 925 hoste
349 879 438 943 capto,
447 867 522 943 pleni
532 868 702 924 fortunarum¹
712 865 876 941 gloriaeque,
887 865 972 921 simul
984 867 1058 941 pub-

113 946 210 1012 ‘licae,
232 945 313 1002 simul
333 948 463 1022 privatae,
484 944 683 1022 triumphantes
703 947 816 1002 domum
834 944 868 1000 ed
882 956 1000 1019 penates
1011 963 1058 1002 re·

113 1031 120 1059 ‘
135 1024 244 1082 dibatis.
274 1025 357 1084 Nunc
367 1038 510 1084 oneratum
520 1025 617 1082 vestris
627 1025 743 1082 fortunis
753 1023 859 1081 hostem
870 1023 945 1080 abire
953 1023 1057 1080 sinitis.

114 1103 259 1162 ‘Haerete
279 1105 354 1162 affixi
374 1104 560 1173 concionibus,
580 1116 609 1162 et
629 1103 657 1160 in
671 1105 730 1161 loro
744 1104 845 1161 vivite:
865 1102 992 1177 sequitur
1005 1123 1059 1160 vos

113 1184 283 1242 ‘necessitas
302 1184 447 1250 milit-audi,
466 1203 547 1260 quam
567 1183 671 1259 fugitis·
710 1183 803 1240 Grave
821 1195 879 1239 erat
892 1183 920 1236 in
936 1183 1058 1258 Aequos

112 1268 120 1302 ‘
134 1275 163 1321 et
173 1263 290 1321 Volscos
303 1263 460 1340 proficisci?
480 1275 544 1320 ante
558 1277 649 1339 portas
663 1274 705 1319 est
718 1262 828 1320 bellum.
869 1260 899 1318 Si
917 1261 984 1318 inde
998 1281 1058 1318 nou

112 1349 121 1382 ⁶
135 1342 254 1418 pellitur,
264 1341 321 1419 jam
336 1343 407 1400 intra
422 1343 531 1400 moenia
542 1343 604 1410 erit,
618 1355 745 1400 etarcem
757 1354 786 1398 et
795 1339 964 1416 Capitolium
975 1361 1056 1398 ecan-

113 1428 121 1466 t
134 1422 191 1488 det,
206 1433 234 1478 et
247 1422 275 1478 in
288 1425 385 1479 domos
399 1434 502 1480 vestras
515 1441 565 1478 vos
576 1434 764 1498 persequetur.
805 1420 921 1476 Biennio
935 1432 1057 1477 antesc-

113 1506 121 1534 ‘
134 1517 216 1558 natus
229 1501 365 1558 delectum
380 1499 483 1568 haberi,
496 1512 524 1558 et
537 1501 618 1558 educi
631 1500 782 1558 exercitum
797 1499 824 1556 iu
840 1499 974 1574 Algidum
993 1499 1055 1574 jus·

113 1585 121 1614 ‘
135 1579 181 1636 sit.
221 1579 355 1637 Sedemus
368 1579 476 1638 desides
490 1580 575 1648 douri,
596 1580 741 1636 mulierum
754 1579 810 1635 ritu
823 1579 958 1639 internos
972 1579 1055 1636 alter·

113 1663 121 1692 ‘
135 1669 247 1726 centes;
265 1659 402 1734 praesenti
415 1679 482 1735 pace
495 1659 570 1726 laeti,
584 1679 636 1718 nec
649 1671 800 1724 cernentes,
814 1657 854 1714 erc
863 1658 921 1714 otio
931 1657 981 1714 illo
991 1658 1054 1715 bre-

112 1743 121 1772 ‘
135 1739 160 1792 vi
175 1738 320 1814 multiplex
334 1739 434 1796 bellum
449 1739 610 1795 rediturum.
652 1738 707 1795 Hie
721 1757 774 1814 ego
786 1738 905 1812 gratiora
913 1737 992 1794 dictu
1001 1738 1054 1794 alia

113 1823 123 1852 ‘¹
135 1835 195 1874 esse
208 1815 283 1884 scio;
303 1818 351 1875 sed
367 1837 410 1876 me
424 1837 487 1876 vera
497 1837 547 1894 pro
557 1817 640 1892 gratis
650 1817 735 1893 loqui,
746 1817 798 1874 etsi
806 1836 898 1874 meum
909 1816 1052 1891 ingenium

113 1902 190 1952 ‘nou
203 1909 336 1964 moneret,
351 1897 498 1954 necessitas
511 1898 593 1972 cogit.
635 1897 741 1954 Vellem
756 1896 883 1970 equidem
899 1895 978 1952 robis
989 1897 1052 1972 pla·

112 1981 120 2016 ⁶
134 1994 204 2044 cere,
220 1975 358 2042 Quirites;
378 1978 430 2034 sed¹
441 1977 530 2034 multo
542 1977 616 2034 malo
628 1995 677 2032 ros
690 1975 780 2032 salvos
790 1994 858 2042 esse,
867 1974 1053 2050 qualicunque

52 2101 58 2112 ,
112 2061 199 2130 ‘erga
217 2075 263 2112 me
283 2056 374 2113 animo
392 2056 477 2116 futuri
497 2055 572 2114 estis.
613 2055 720 2113 Natura
738 2053 791 2111 hoc
810 2054 849 2112 ita
862 2067 1051 2131 comparatum

111 2141 183 2203 ‘est,
204 2147 244 2203 ut,
263 2135 315 2211 qui,
331 2136 404 2211 apud
425 2135 628 2192 multitudinem
645 2135 696 2192 suit
708 2135 791 2192 causti
803 2133 934 2208 loquitur,
948 2133 1052 2208 gratior

112 2220 169 2270 ‘eo
188 2215 232 2280 sit,
253 2213 332 2290 cujus
346 2234 423 2272 mens
436 2213 512 2282 nihil,
534 2226 642 2290 praeter
655 2213 796 2289 publicum
809 2213 998 2280 commodum,
1012 2214 1050 2269 ri-
1103 2239 1104 2244 ¹

112 2299 120 2330 ⁴
134 2292 191 2348 det.
232 2293 295 2350 Nisi
314 2293 385 2357 forte
404 2306 585 2351 assentatores
605 2293 737 2370 publicos,
751 2292 899 2370 plebicolas
912 2291 991 2360 istos,
1006 2293 1051 2368 qui

112 2379 183 2426 ‘vos
202 2390 253 2428 nec
273 2372 300 2428 in
318 2372 399 2428 armis
419 2393 471 2430 uec
490 2373 518 2429 iu
539 2373 596 2430 otio
616 2392 676 2430 esse
688 2372 790 2439 sinunt,
802 2371 893 2428 aestui
906 2391 955 2428 voe
970 2373 1051 2428 causi
1103 2367 1104 2384 ¹

113 2449 248 2506 ‘incitare
270 2463 298 2506 et
322 2451 460 2508 stimulare
480 2453 592 2527 putatis.
633 2451 780 2516 Concitati,
801 2463 849 2508 aut
873 2450 981 2516 honori,
1005 2463 1050 2508 ant
1103 2451 1104 2454 ’

112 2529 260 2604 ‘quaestui
281 2529 333 2586 illis
352 2529 437 2586 estist
458 2543 486 2587 et
507 2531 571 2604 quia
590 2531 617 2586 in
638 2531 785 2589 concordiis
798 2531 925 2586 ordinum
938 2529 1049 2586 uulloe²
1103 2575 1104 2608 3

112 2615 164 2664 ‘se
177 2628 292 2683 usquam
306 2628 365 2666 esse
379 2608 482 2676 vident,
497 2610 583 2667 malae
597 2610 636 2667 rei
649 2631 688 2679 se,
699 2608 780 2685 quim
790 2609 899 2678 nullius,
908 2611 1047 2666 turbarum
1103 2659 1104 2682 ξ

112 2694 166 2744 ‘ec
186 2687 368 2755 seditionum,
381 2689 465 2748 duces
485 2709 545 2746 esse
565 2689 668 2746 volunt.
709 2689 832 2753 Quarum
853 2709 945 2745 rerum
967 2689 992 2746 si
1006 2709 1048 2744 ros
1103 2685 1104 2744 ἶ

111 2767 255 2824 ‘taedium
275 2769 385 2825 taudem
407 2787 504 2845 capere
523 2779 624 2844 potest,
642 2779 670 2825 et
683 2781 791 2844 patrum
806 2768 1047 2843 vestrosqueanti·

109 2851 119 2896 .‘
133 2865 202 2920 quos
222 2866 312 2904 mores
325 2847 410 2904 vultis
427 2867 477 2925 pro
495 2846 537 2904 hie
549 2847 628 2905 noris
640 2867 758 2914 sumere,
772 2847 846 2904 nulla
859 2847 997 2924 supplicia
1009 2867 1048 2904 re·
1103 2881 1104 2908 l

112 2933 119 2962 ‘
134 2944 217 2992 cuso,
230 2925 303 2984 nisi³
324 2927 418 3004 paucis
438 2925 536 2984 diebus
550 2925 601 2984 lios
612 2927 788 3002 populatores
801 2943 929 3001 agrorum
944 2940 1047 2984 nostro
1103 2927 1104 3008 J

110 3012 118 3039 ‘
132 3025 192 3061 rum
206 3005 281 3063 fusos
294 3006 456 3082 fugatosque
470 3005 565 3064 castris
579 3025 690 3071 exuero,
705 3005 852 3081 staportis
863 3006 966 3062 uostris
977 3024 1045 3062 moe·

110 3084 266 3159 ‘cibusque
290 3087 323 3142 ad
344 3086 452 3142 illorum
473 3087 554 3142 urbes
576 3084 648 3142 hunc
668 3085 733 3142 belli
749 3096 891 3153 terrorem,
906 3105 965 3161 quo
977 3103 1046 3142 nunc

111 3170 118 3198 ‘
133 3182 181 3220 ros
195 3163 304 3220 attoniti
318 3165 391 3230 estis,
405 3163 585 3222 transtulero!

150 3241 259 3300 LXIX.
281 3243 355 3302 Rarb
367 3243 434 3300 elias
447 3243 548 3300 tribuni
562 3243 701 3319 popularis
715 3243 802 3300 oratio
817 3243 959 3318 acceptior
968 3241 1044 3320 plebi,

112 3320 195 3395 qnam
209 3333 275 3378 tnnc
289 3322 451 3378 severissimi
463 3322 589 3390 consulis,
598 3323 659 3378 fuit.
698 3322 836 3382 Juveutus
846 3323 968 3396 quisque,
980 3340 1045 3396 quaa

112 3401 183 3456 inter
204 3400 272 3458 tales
292 3413 382 3458 metue
401 3400 627 3458 detractationem
647 3399 769 3470 militiae,
783 3401 868 3458 telum
883 3401 1043 3460 acerrimum

102 3525 105 3531 '
145 3519 262 3575 ¹Alieuo,
274 3517 303 3565 of
317 3517 357 3565 the
368 3516 481 3564 tribunes.
555 3511 651 3566 'Soin
664 3515 767 3580 English
778 3532 816 3566 ,we
826 3533 876 3588 sap,
888 3517 919 3568 of
931 3515 1043 3582 aniusig-
1103 3575 1104 3594 Χ

113 3581 211 3634 uibrant
222 3599 316 3650 person,
330 3586 379 3634 that
389 3585 420 3633 he
431 3584 451 3634 is
462 3583 566 3651 nobody.
635 3585 646 3615 ⁸
661 3587 725 3644 Nisi,
739 3585 758 3634 ei
770 3600 828 3636 nou.
