2262 3858
450 223 574 285 mana
595 227 632 285 v.
891 289 898 312 ,
958 231 1016 288 sss

77 392 180 452 ‘arma
200 386 248 461 qui
268 385 387 450 obsides,
409 389 457 462 qui
476 390 572 446 urbem
594 385 752 466 patentibus
768 387 855 464 portis
871 387 1016 466 accipiant.

76 465 160 523 ‘Nec
179 485 229 522 vos
251 465 318 522 fidei
338 478 457 534 nostrae,
479 487 531 526 nec
547 487 598 526 nos
616 467 724 544 imperii
744 468 828 524 vestri
847 469 1016 544 poenitebit?

76 544 192 602 Camillo
206 557 235 603 et
248 546 282 602 ab
296 544 421 603 hostibus
435 559 464 605 et
477 567 494 605 a
507 549 612 604 civibus
625 547 728 623 gratiae
738 559 824 604 actas.
865 547 977 606 Faliscis
987 550 1017 606 in

74 623 242 701 stipendium
263 623 382 681 militum
402 625 462 704 ejus
483 627 555 693 anni,
576 639 608 684 ut
624 626 742 703 populus
757 625 899 682 Romanus
913 628 1017 686 tributo

13 777 14 786 ἵ
74 717 189 839 ίςιιιιιιιιιι,
205 704 323 782 pecunia
336 704 477 781 imperata.
518 707 592 764 Pace
606 707 678 775 data
693 707 830 764 exercitus
842 705 959 765 Romam
974 729 1017 767 re·

13 813 15 846 fl
89 796 181 841 lictus.

13 849 15 870 '
108 861 253 920 XXVIII.
286 863 421 921 Camillus
448 864 562 922 meliore
585 865 674 921 multo
699 865 793 932 laude,
819 863 901 940 quiam
929 883 1015 940 quum

13 967 14 1002 3
71 942 286 1017 triumphantem
302 943 355 999 albi
375 963 425 1019 per
439 943 537 1002 urbem
553 956 684 1001 vexerant
697 945 761 1020 equi
770 944 787 1010 ¹,
810 943 923 1019 insignis
932 943 1015 1020 justi·

71 1022 107 1078 ris
119 1023 242 1096 fideque,
264 1021 389 1080 hostibus
403 1023 491 1090 victis,
513 1043 598 1098 quum
613 1024 641 1080 in
654 1025 750 1080 urbem
764 1024 891 1090 redisset,
911 1024 1014 1081 ιιιοὶιὸ2

71 1099 127 1176 ejus
141 1102 339 1159 verecundiam
353 1122 407 1158 non
423 1103 486 1160 tulit
500 1116 619 1170 senatus,
634 1105 699 1178 quin
714 1103 773 1158 sina
787 1105 864 1160 mord
876 1101 933 1160 voti
948 1103 1014 1160 libe·

70 1193 195 1238 raretur:
217 1196 406 1255 crateramque
419 1201 529 1239 auream
544 1184 647 1239 donum
659 1183 782 1257 Apollini
792 1181 917 1258 Delphos
930 1181 1015 1257 legati

70 1260 114 1333 qui
128 1259 242 1326 ferrent,
258 1260 293 1316 L:
309 1259 442 1327 Valerius,
458 1261 492 1317 L.
508 1262 629 1337 Sergius,
644 1262 682 1318 A.
697 1261 830 1329 Manlius,
845 1263 920 1318 missi
933 1261 1015 1338 longai

70 1340 122 1396 und
135 1357 216 1407 nave,
232 1339 305 1396 haud
320 1341 415 1416 procul
429 1343 500 1398 freto
516 1341 610 1398 Siculo
623 1361 639 1398 a
652 1341 747 1417 piratis
761 1339 951 1417 Liparensium
967 1361 1014 1398 ex·

70 1420 149 1494 cepti,
164 1418 342 1477 devehuntur
355 1419 479 1496 Liparas.
520 1420 587 1476 Mos
600 1433 659 1478 erat
672 1421 799 1486 civitatis,
815 1421 890 1478 velut
903 1421 1015 1498 publico

69 1497 213 1556 latrocinio
227 1513 334 1574 partam
349 1502 480 1576 praedam
494 1499 626 1557 dividere.
667 1499 750 1557 Forte
764 1519 799 1556 eo
812 1519 883 1557 anno
897 1501 925 1557 in
939 1521 1014 1557 sum·

69 1597 112 1634 nro
126 1579 290 1654 magistratu
313 1592 371 1637 erat
386 1577 572 1636 Timasitheus
594 1580 715 1655 quidam,
736 1580 870 1636 Romanis
884 1581 925 1636 vir
938 1579 1014 1637 simi-

69 1656 125 1725 lior,
149 1657 234 1734 quiam
259 1659 325 1715 suis.
365 1659 431 1725 Qui,
454 1659 637 1733 ‘legatorum
660 1679 768 1726 nomen,
794 1660 962 1736 donumque,
985 1672 1015 1717 et

69 1735 198 1804 ‘Deum‚
212 1737 259 1794 cui
274 1739 437 1806 mitteretur,
458 1751 487 1795 et
500 1740 566 1795 doni
580 1738 699 1796 causam’
714 1739 816 1796 veritus
831 1740 898 1815 ipse,
919 1739 1013 1796 multi-

69 1817 195 1875 tudinem
209 1814 328 1893 quoque,
349 1837 420 1893 quae
434 1837 544 1894 semper
556 1819 643 1875 ferme
655 1819 761 1894 regenti
776 1833 819 1875 ert
831 1819 935 1885 similis,
950 1819 1013 1876 reli-

68 1896 155 1968 gionis
172 1896 267 1973 justae
287 1897 430 1973 implevit:
450 1897 639 1972 adductosque
658 1897 687 1953 in
707 1897 848 1972 publicum
862 1897 1012 1974 hospitium

67 1975 181 2050 legatos,
207 1996 272 2033 cum
296 1977 433 2053 praesidio
456 1977 538 2032 etiarn
559 1977 669 2032 navium
692 1973 818 2053 Delphos
841 1991 1011 2053 prosecutus,

68 2053 190 2113 Romam
203 2057 269 2112 inde
284 2057 400 2132 sospites
414 2056 545 2113 restituit.
586 2055 748 2131 Hospitium
767 2075 830 2112 cum
850 2075 885 2112 eo
901 2056 1013 2113 oenatria

67 2135 196 2192 consulto
210 2148 253 2192 est
265 2135 378 2198 facturn.
400 2136 527 2210 donaque
541 2135 650 2210 publice
664 2135 735 2190 data.
776 2134 884 2192 Eodem
898 2153 971 2192 anno
983 2136 1012 2192 in

68 2215 177 2290 Aequis
191 2215 266 2272 varie
280 2215 428 2272 bellatum:
450 2211 519 2271 adad
533 2227 565 2271 ut
579 2214 606 2270 in
621 2215 727 2271 incerto
739 2213 823 2270 fuerit
836 2227 865 2271 et
878 2214 952 2289 apud
970 2214 1012 2291 ip·

66 2312 108 2354 ⁸0⁸
126 2295 268 2351 exercitus
288 2309 317 2350 et
330 2295 446 2359 Romae,
468 2293 605 2359 vicissent,
627 2293 730 2350 victine
750 2304 850 2350 essent.
889 2293 1011 2370 Impera·

66 2384 139 2430 tores
155 2375 277 2432 Romani
290 2375 367 2432 fuere
380 2393 416 2431 ex
426 2372 543 2429 tribunis
554 2373 672 2430 militum
682 2373 715 2430 C.
726 2373 871 2442 Aemilius,
884 2373 932 2450 Sp.
943 2374 1012 2432 Poe-⁴

66 2454 180 2510 tumius.
222 2449 316 2510 Primo
330 2473 388 2510 rem
408 2453 592 2510 communiter
611 2466 771 2529 gesserunt:
791 2454 859 2510 fusis
874 2452 939 2510 inde
952 2454 1012 2512 acie

64 2529 201 2600 hostibus,
218 2540 225 2568 ‘
241 2533 393 2590 Aemilium
407 2531 545 2608 praesidio
556 2533 738 2608 Verruginem
752 2531 883 2590 obtinere’
897 2533 1011 2609 placuit,

66 2613 267 2670 ‘Postumium
287 2613 356 2670 lines
376 2611 499 2669 vastare'
539 2611 584 2668 Ibi
605 2633 678 2680 eum,
699 2613 881 2688 incomposito
902 2614 1012 2688 agmine

64 2691 251 2768 negligentius
265 2693 299 2749 ab
313 2711 343 2749 re
357 2693 427 2748 bene
445 2693 523 2767 gestit
536 2703 658 2758 euntem,
679 2693 768 2749 adorti
782 2692 885 2767 Aequi,
907 2704 1010 2751 terrore

64 2770 177 2846 injecto,
192 2771 221 2828 in
234 2772 374 2847 proximos
384 2771 542 2847 compulere
552 2771 692 2827 tumulos:
713 2791 852 2847 pavorque
865 2771 930 2828 inde
941 2771 1009 2829 Ver·

64 2851 191 2926 ruginem
207 2855 290 2909 etiam
305 2852 340 2908 ad
354 2850 520 2928 praesidium
538 2851 655 2908 alterum
675 2863 718 2908 est
737 2852 867 2927 perlatus.
908 2851 1009 2910 Postu-

64 2931 146 2997 mius,
164 2931 221 2988 suis
238 2930 268 2986 in
281 2943 373 2987 tutum
387 2931 513 3006 receptis,
533 2949 619 3004 quum
633 2931 765 2988 concione
778 2931 910 2988 advocatis
923 2941 1010 2990 terro·

64 3029 123 3066 rem
137 3011 293 3087 increparet
306 3030 339 3068 ac
352 3011 461 3086 iugum
483 3021 491 3044 ‘
504 3010 579 3066 iusos
588 3029 648 3068 esse
658 3011 692 3067 ab
701 3010 876 3086 ignavissimo
889 3022 918 3066 et
931 3010 1009 3088 iuga-

63 3097 70 3122 ‘
86 3089 199 3146 cissimo
209 3089 314 3147 hoste:'
335 3090 487 3146 conclamat
496 3090 640 3147 universus
651 3090 797 3155 exercitus,
813 3086 967 3148 ‘meritdse
977 3111 1009 3149 ea

64 3175 71 3201 ‘
85 3170 191 3237 audire,
203 3182 231 3227 et
240 3169 318 3227 fateri
329 3170 479 3228 admissum
488 3168 621 3244 flagitium
631 3192 639 3235 ;
657 3170 706 3226 sed
717 3169 827 3226 eosdem
837 3182 1009 3226 correcturos

64 3255 71 3282 ‘
84 3269 154 3316 esse,
166 3269 256 3325 neque
267 3251 427 3308 diuturnum
436 3247 464 3305 id
473 3247 604 3324 gaudium
613 3247 736 3306 hostibus
747 3246 821 3305 iore!
850 3249 1008 3318 Poscentes,

96 3412 102 3438 ¹
124 3411 169 3458 See
183 3411 212 3458 C.
228 3410 268 3458 23.
344 3405 353 3431 ¹
373 3407 512 3456 Gronovius
523 3421 637 3466 proposes
647 3412 724 3464 taciti,
741 3423 768 3454 as
784 3403 900 3464 referrIng
911 3412 937 3450 to
947 3406 1006 3466 ηἰιι.

65 3479 148 3542 Might
157 3483 228 3528 turim
238 3487 280 3524 not
289 3479 318 3524 be
330 3475 433 3522 referred
442 3484 467 3521 to
479 3477 583 3532 redisset,
594 3489 619 3544 as
630 3474 777 3536 contrasting
788 3472 825 3520 his
835 3479 930 3532 present
941 3473 1008 3534 quiet

63 3556 147 3596 return
159 3547 216 3594 with
228 3547 265 3593 his
276 3545 365 3592 former
376 3543 503 3604 triumph?
