2232 3862
107 185 149 246 bl
495 183 530 248 Τ.
551 183 651 246 LlVlI

110 342 277 403 continuatis
290 345 430 403 funeribus
443 365 529 420 quum
548 339 645 404 domos
664 337 768 401 uacuas·
783 357 856 399 noro
874 336 1063 401 matrimonio

109 423 247 493 fecissent,
270 423 425 501 junguntur
443 426 555 502 nuptiis,
576 425 662 502 magis
681 441 737 480 non
756 417 919 498 prohibente
944 422 1062 490 Seruio,

110 500 194 576 quam
207 503 384 578 approbante.
683 515 688 523 ’

150 580 274 640 XLVlI.
295 581 368 639 Tum
382 579 449 641 rard
462 583 491 640 iu
505 583 564 641 dies
577 582 700 640 infestior
713 579 798 638 Tullii
811 590 947 647 senectus,
968 580 1062 638 infes-¹

110 658 166 716 tius
179 662 272 737 coepit
284 681 399 737 regnum
414 682 483 720 esse.
523 662 586 720 Jam
602 661 674 719 enim
688 659 835 718 abscclere
844 657 962 716 adalind
972 671 1063 736 spec·¹

110 749 169 796 tare
186 740 285 798 mulier
300 741 408 798 scelus:
428 761 481 800 nec
493 754 583 808 nocte,
604 759 656 798 uec
670 738 790 796 interdiu
803 737 891 794 virum
906 739 1063 814 conquies-

111 835 173 875 cere
183 819 249 894 pati,
263 838 298 877 ue
312 820 431 894 grutuita
444 821 592 898 praeterita
605 818 858 896 parricidiaessent.
899 823 907 851 ‘
922 817 988 874 Non
999 817 1063 879 sibi

111 903 119 930 ‘
133 895 262 966 defuisse,
283 899 328 956 cui
348 911 435 976 nupta
454 901 600 966 diceretur,
614 917 666 956 nec
675 917 743 976 ¹curn
756 915 811 972 quo
825 894 908 954 tacita
920 897 1063 956 serviret:

111 975 262 1044 ‘defuisse
276 977 324 1052 qui
344 997 374 1036 se
393 997 478 1054 regno
495 979 610 1054 dignum
631 988 756 1054 putaret,
776 975 824 1050 qui
837 974 1010 1034 meminisset
1026 995 1064 1034 se

112 1060 119 1088 ‘
133 1073 194 1112 csse
209 1055 296 1113 Prisci
310 1056 453 1132 Tarquinii
466 1057 569 1124 lilium;
589 1056 637 1132 qui
650 1055 759 1134 haberq,
772 1053 855 1129 quiam
864 1073 981 1130 sperare,
990 1075 1063 1132 reg·

112 1139 201 1191 ‘num
223 1135 324 1193 mallet.
366 1137 397 1195 Si
410 1137 458 1194 ιιι1
473 1137 496 1194 is
510 1156 548 1204 es,
563 1137 735 1212 cuinuptam
750 1153 810 1191 esse
824 1153 869 1191 me
882 1133 1006 1204 arbitror,
1028 1147 1064 1192 et

112 1211 223 1270 ‘virum
244 1225 273 1272 et
292 1233 384 1290 regem
405 1216 528 1294 appello:
549 1215 592 1272 sin
607 1215 707 1282 minius,
721 1232 755 1270 eo
768 1231 842 1270 nunc
855 1212 933 1290 pejirs
946 1225 1064 1272 mutata

112 1297 120 1324 ‘
134 1302 178 1348 est
196 1311 249 1361 res,
270 1294 344 1368 qubd
364 1294 446 1353 isthic
459 1315 522 1352 cum
536 1294 644 1370 ignavia
657 1306 700 1350 est
712 1291 801 1350 scelus
810 1291 947 1368 'quuiu
961 1293 1063 1352 arcin-

112 1370 229 1444 ‘geris?
250 1370 316 1428 Nou
336 1373 387 1429 tibi
406 1375 441 1430 ab
463 1372 606 1441 Corintho,
625 1373 730 1430 neceb
751 1369 915 1444 Tarquiniis,
936 1383 968 1430 ut
981 1373 1062 1452 patri

112 1454 120 1482 ‘
134 1459 193 1518 tuo,
206 1451 350 1526 peregrina
362 1471 447 1528 regna
460 1453 550 1509 moliri
563 1471 675 1509 necesse
688 1462 739 1508 est.
779 1449 830 1506 Dii
843 1461 871 1506 te
882 1463 996 1528 penates
1004 1471 1062 1528 pa·

112 1533 120 1561 ‘
135 1527 245 1603 ariique,
263 1541 292 1586 et
311 1531 397 1606 petris
416 1531 516 1606 imago,
531 1543 560 1588 et
572 1532 671 1588 domus
684 1530 767 1605 regia,
782 1540 811 1584 et
821 1528 850 1584 in
864 1529 948 1586 domo
960 1531 1062 1607 regale

111 1607 240 1676 ‘solium
255 1619 284 1668 et
297 1627 397 1667 nomen
413 1609 591 1686 Tarquinium
607 1622 682 1668 creat
696 1619 829 1682 vocatque
848 1627 950 1684 regern.
991 1612 1062 1668 Aut

112 1692 120 1718 ‘
136 1685 208 1744 siud
221 1685 289 1745 haec
302 1707 397 1764 perum
413 1703 455 1746 est
468 1690 561 1758 animi,
575 1689 641 1764 quid
654 1687 790 1744 frustraris
800 1686 963 1746 civitatem?
985 1689 1062 1763 quid

112 1771 120 1798 ‘
134 1777 163 1822 tc
176 1778 208 1824 ut
220 1767 326 1844 regium
336 1767 467 1842 juvenem
482 1769 603 1844 conspici
616 1767 707 1824 sinis?
728 1766 843 1824 Facesse
857 1764 921 1824 hinc
936 1766 1061 1843 Tarqui-

112 1843 203 1911 “uiua
225 1858 273 1906 aut
293 1845 467 1904 Corinthum.
508 1847 664 1904 Devolvere
683 1846 757 1902 retro
777 1845 812 1902 ad
829 1845 956 1922 stirpem,
976 1847 1061 1904 fratri

107 1928 121 1956 '‘
134 1923 257 1992 similior,
272 1924 353 2000 quam
368 1926 456 2000 patri!
498 1926 553 1982 Hir
567 1926 680 2001 aliisque
693 1923 860 2000 increpando
868 1923 1000 2001 juvenem
1012 1926 1061 1982 in-

110 2002 202 2078 stigat,
215 2023 268 2061 nec
276 2006 474 2079 conquiescere
483 2005 543 2082 ipsa
552 2017 662 2080 potest:
684 2003 734 2070 ίεἰ,
746 2023 832 2078 quum
846 2003 991 2080 Tanaquil,
1005 2025 1060 2081 pe-

112 2089 120 2116 ‘
133 2083 242 2157 regrina
252 2083 362 2152 mulier,
383 2096 491 2142 tanturn
505 2085 595 2142 moliri
609 2082 744 2160 potuisset
757 2083 857 2152 animo,
872 2095 904 2138 ut
917 2084 973 2140 duo
987 2102 1060 2140 con-

112 2167 120 2194 ‘
134 2160 212 2218 tiuua
224 2181 309 2238 regna
323 2163 391 2230 viro,
411 2183 444 2221 ac
458 2163 588 2239 deinceps
601 2181 712 2238 genero,
734 2161 874 2228 dedisset;
893 2161 962 2239 ipsa,
976 2163 1060 2238 regio

111 2247 119 2273 ‘
134 2241 239 2298 semiue
248 2253 316 2308 orta,
325 2243 431 2298 nullum
440 2256 611 2299 momentum
620 2242 648 2299 in
657 2240 748 2298 dando
756 2241 958 2315 adimendoque
967 2259 1060 2318 regno

113 2317 253 2376 ‘faceret'
294 2320 350 2376 His
370 2321 548 2378 muliebribus
562 2320 708 2378 instinctus
721 2320 799 2377 hrriis
813 2319 980 2396 Tarquinius
1001 2321 1059 2378 cir·
1105 2373 1106 2379 ,

112 2397 217 2454 cumire
227 2411 256 2455 et
265 2418 402 2475 prensare,
414 2400 549 2457 minorum
561 2400 680 2457 maxime
689 2399 821 2473 gentium,
832 2400 944 2466 Patres;
957 2400 1058 2458 admo·

111 2495 178 2534 nere
196 2479 301 2553 paterni
315 2478 440 2535 beneficii
449 2477 470 2545 ³,
490 2499 523 2536 ac
542 2498 592 2555 pro
607 2498 641 2536 eo
654 2478 768 2554 gratiam
783 2490 924 2555 repetere;
943 2478 1059 2538 allicere

112 2556 192 2613 donis
206 2555 339 2632 juvenes:
357 2570 416 2614 tum
438 2558 473 2615 de
486 2577 516 2615 se
529 2557 651 2633 ingentia
664 2557 827 2633 pollicendo,
841 2570 899 2616 tum
914 2558 987 2634 regis
1002 2559 1057 2616 cri-

8 2693 9 2696 ,
112 2635 233 2692 minibus
253 2636 380 2692 omnibus
398 2637 465 2694 locis
478 2657 609 2696 crescere.
651 2637 803 2704 Postremo,
817 2649 849 2694 ut
857 2636 916 2713 jam
931 2639 1058 2712 agendae

111 2714 152 2771 rei
173 2727 282 2790 tempus
296 2716 384 2772 visum
405 2729 457 2783 est,
477 2717 594 2792 stipatus
607 2715 717 2792 agmine
731 2728 907 2784 armatomm,
921 2715 949 2772 in
963 2717 1056 2774 lorum

112 2793 226 2869 irrupit;
246 2794 319 2862 inde,
338 2795 465 2852 omnibus
485 2795 617 2872 perculsis
638 2813 747 2870 pavore,
768 2795 796 2850 iu
817 2793 893 2869 regiis
913 2795 980 2854 sede
1003 2815 1057 2872 pro

111 2909 261 2972 tiirfict'ssca
299 2907 336 2954 ll.
358 2907 386 2954 lf
400 2923 435 2954 we
451 2924 555 2970 suppose
569 2909 620 2955 that
632 2906 700 2968 Livy,
719 2913 828 2968 contrary
840 2915 865 2953 to
881 2905 928 2952 this
942 2905 1055 2967 practice,

113 2973 181 3030 used,
194 2975 270 3021 aethe
281 2983 355 3036 agent
365 2985 391 3022 to
402 2977 442 3022 the
453 2979 518 3032 verb,
531 2979 571 3023 the
582 2989 665 3022 names
675 2973 704 3021 of
718 2974 758 3020 the
769 2973 856 3036 parties
868 2983 912 3035 put
924 2983 968 3020 out
978 2975 1008 3021 οἰ
1015 2977 1056 3022 the

112 3047 200 3104 wey,'a
208 3057 261 3089 new
272 3042 417 3090 nominative
426 3043 446 3090 is
454 3043 564 3107 required
573 3045 755 3106 tojunguntur.
792 3040 844 3089 111.
862 3041 906 3089 We
915 3041 981 3088 learn
991 3042 1055 3090 from
1102 3059 1103 3066 ¹

113 3109 254 3171 Dionysius,
266 3110 410 3171 thatJAruns
420 3111 626 3174 Tarquinius‚·the
638 3109 727 3157 mcond
736 3108 857 3172 grandson
869 3109 897 3155 of
907 3109 1056 3171 Tarquinius

113 3177 218 3234 Priscus,
231 3193 280 3224 was
291 3177 392 3225 married
405 3187 430 3225 to
443 3178 525 3226 Tullia
542 3179 628 3236 minor,
641 3179 681 3224 the
691 3177 779 3225 second
791 3176 909 3240 daughter
920 3176 949 3223 of
959 3179 1056 3225 Servius

114 3244 218 3293 Tullius.
257 3245 289 3302 ll,
303 3247 368 3302 then,
381 3247 421 3292 the
436 3245 476 3292 old
494 3245 593 3308 reading
605 3260 667 3292 urere
677 3256 796 3302 accurate,
815 3251 851 3292 ‘we
862 3244 948 3292 should
961 3246 1055 3308 require
1101 3265 1102 3325 p

111 3315 187 3377 umjor
198 3320 241 3360 not
252 3317 337 3361 minor.
454 3313 460 3340 ¹
481 3315 524 3360 See
536 3331 561 3374 p.
576 3313 614 3371 16,
632 3321 689 3359 note
705 3312 725 3360 l.
829 3313 838 3341 ⁹
855 3317 898 3362 Sui
907 3317 994 3370 mittut,
1008 3316 1052 3362 dre.

113 3382 166 3429 But
176 3381 199 3428 if
213 3389 264 3436 not,
283 3395 324 3440 my
336 3378 458 3426 condition
469 3381 512 3426 hus
523 3381 584 3428 been
595 3377 704 3440 changed
716 3389 742 3428 to
753 3383 794 3428 the
805 3395 887 3437 worse,
906 3381 931 3428 in
944 3395 970 3427 so
981 3383 1057 3428 much'

112 3465 138 3494 as
149 3449 175 3495 in
188 3463 244 3509 you,
257 3447 323 3493 there
334 3445 354 3492 is
365 3445 429 3508 guilt
440 3445 516 3493 added
530 3455 555 3494 to
567 3447 706 3494 cowardice.
788 3448 798 3476 ⁸
815 3451 858 3498 See
870 3450 909 3496 the
917 3447 1054 3496 institution
1100 3473 1101 3561 p

112 3516 141 3567 ol
149 3516 189 3564 the
197 3526 278 3578 patres
289 3517 409 3564 minorum
417 3517 523 3577 gentium
535 3514 558 3562 in
571 3516 611 3564 the
623 3515 681 3565 'aleth
696 3515 808 3578 Chapter.
