2262 3858
138 228 196 286 328
232 237 237 248 ¹
514 227 549 285 Τ.
569 226 669 286 LIVll

139 389 212 445 idem
227 397 336 460 tempus
349 384 468 450 orbatus,
482 405 577 461 quum,
595 385 689 444 accitis
702 386 815 444 domum
829 385 980 446 tribulibus
993 387 1077 445 clien-

83 459 92 470 ’
135 466 278 540 tibiasque,
303 465 412 537 (magua
434 483 497 539 pars
517 465 606 540 plebis
627 463 728 540 erat¹,)
748 479 945 542 percunctatus
970 468 1076 524 animos

97 603 105 610 ,
140 566 245 611 eorum,
262 561 421 618 responsum
437 545 552 612 tulisset,
568 553 575 578 ‘
589 565 618 602 se
639 545 793 612 collaturos,
814 545 911 620 quanti
932 546 1077 604 damnatus

141 635 149 660 ⁴
163 638 244 692 esset,
258 622 397 680 absolvere
411 641 475 678 eum
489 643 542 680 non
553 623 651 698 posse,'
665 625 692 680 in
706 625 832 682 exsilium
843 624 930 690 abiit;
950 639 1076 700 precatus

140 707 175 763 ab
188 703 252 761 Diis
265 701 472 769 immortalibus,
488 712 495 736 ⁶
509 705 532 758 si
546 703 659 760 innoxio
670 703 721 758 sibi
734 723 767 760 ea
780 703 879 778 injuria
889 703 981 770 lieret,
991 706 1076 780 primo

132 793 150 822 ·‘
163 801 273 859 quoque
287 793 410 855 tempore
430 781 594 838 desiderium
615 782 658 838 sui
675 782 778 838 civitati
798 783 922 857 ingratae
938 782 1076 840 facerent?

131 865 251 922 Absens
265 859 420 936 quindecim
434 859 553 918 millibus
567 861 655 935 gravis
668 861 738 917 aeris
752 862 906 918 damnatur.

180 939 320 999 xxxlll.
342 937 466 1015 Expulso
480 941 547 1008 cive,
562 959 617 1014 quo
630 953 766 1006 manente,
779 941 803 996 si
817 941 968 1015 quicquam
983 941 1075 998 buma-

139 1041 236 1078 norum
251 1020 318 1078 certi
331 1031 381 1084 est,
403 1019 464 1094 capi
478 1019 569 1076 Roma
589 1037 642 1075 non
657 1032 800 1094 potueram
821 1021 992 1078 adventante
1005 1021 1074 1078 fatali

129 1101 201 1158 ¹urbi
216 1101 302 1164 clade,
316 1097 398 1172 legati
412 1100 445 1154 ab
457 1097 577 1156 Clusinis
588 1099 709 1164 veniunt,
720 1099 852 1155 auxilium
863 1100 1002 1156 adversus
1012 1099 1074 1158 Gal-

139 1181 181 1237 los
195 1191 329 1256 petentes.
350 1187 357 1212 ⁶
370 1177 438 1234 Eam
447 1191 557 1251 gentem
567 1178 689 1234 traditur'
700 1178 781 1245 fami,
792 1179 956 1235 ‘dulcedine
967 1179 1073 1254 frugum

140 1271 148 1296 ⁴
163 1261 333 1333 maximique
345 1257 407 1320 viui,
419 1258 490 1313 novit
503 1271 562 1313 tum
573 1257 722 1332 voluptate,
734 1270 850 1333 captam,
863 1258 953 1332 Alpes
964 1261 1072 1315 transis·
1115 1285 1116 1322 1

130 1350 147 1376 ·¹
163 1359 200 1404 se,
213 1357 345 1412 agrosque
356 1337 390 1392 ab
401 1336 525 1394 Etruscis
537 1339 602 1393 ante
611 1337 699 1392 cultos
710 1337 880 1412 possedisse:
895 1350 924 1394 et
938 1337 1072 1394 invexisse

140 1417 312 1476 ‘iuGalliam
321 1417 413 1472 vinum
423 1416 574 1473 illiciendae
583 1415 762 1490 gentisoausri
772 1420 909 1472 Amutem
918 1415 1070 1483 Clusinum,
1115 1411 1116 1472 l

139 1507 147 1533 ¹
161 1498 201 1552 iria
214 1509 358 1570 corruptae
367 1497 460 1550 uxoris
470 1494 505 1551 ab
516 1494 696 1560 Lucumone,'
707 1495 752 1552 cui
761 1507 835 1552 tutor
843 1496 866 1551 is
880 1496 971 1552 fuerat
985 1496 1044 1570 ipse
1053 1496 1070 1562 ²,
1115 1507 1116 1546 t

131 1587 147 1614 ·‘
161 1587 339 1651 praepotente
351 1575 462 1650 jurene,
472 1587 500 1630 et
513 1594 530 1630 a
542 1593 598 1648 quo
606 1574 699 1649 expeti
713 1593 826 1648 poenae,
837 1574 890 1630 nisi
903 1587 1021 1632 externa
1033 1575 1069 1630 ris

139 1663 146 1690 ‘
161 1655 284 1729 quaesita
293 1663 374 1721 esset,
383 1653 536 1726 nequirent.
556 1653 643 1711 Hunc
652 1653 854 1710 transeuntibus
864 1653 954 1728 Alpes
964 1654 1068 1719 ducem,

138 1742 354 1807 ‘auctoremque
369 1731 492 1789 Clusium
508 1733 684 1808 oppugnandi
704 1731 804 1788 fuisse!
844 1731 984 1806 Equidem
999 1731 1068 1790 baud

137 1813 287 1886 abnuerim,
310 1811 433 1870 Clusium
449 1810 545 1868 Gallos
558 1813 592 1867 nb
609 1815 725 1878 Arunte,
747 1831 795 1868 seu
809 1831 864 1885 quo
877 1811 932 1868 alin
947 1812 1066 1880 Clusino,

129 1887 289 1950 adductos:
310 1891 359 1948 sed
373 1897 380 1924 ‘
395 1910 450 1955 eos.
465 1891 512 1965 qui
526 1890 742 1966 oppugnaverint
757 1889 892 1958 Clusium,
908 1909 965 1946 nou
979 1892 1066 1958 subse,

128 1980 146 2012 ·‘
160 1973 207 2047 qui
221 1970 302 2047 primi
312 1970 398 2046 Alpes
412 1969 584 2037 transierint,'
598 1969 663 2026 satis
673 1982 788 2026 constat.
819 1970 958 2026 Ducentis
969 1971 1065 2046 quippe

96 2059 100 2064 '
136 2053 214 2108 anuis
232 2053 303 2116 ante,
324 2049 405 2125 quim
421 2049 546 2106 Clusium
566 2061 763 2125 oppugnarent,
784 2051 937 2124 urbemque
953 2050 1064 2106 Romam

124 2128 274 2230 caperent,
290 2130 324 2184 in
341 2129 446 2184 ltaliam
462 2128 535 2186 Galli
550 2129 790 2185 transcenderunt:
812 2148 863 2186 nec
879 2147 944 2184 cum
960 2127 1003 2184 his
1015 2129 1063 2204 pri·

130 2212 212 2266 mirrn
228 2209 415 2274 Etruscorum,
431 2208 479 2264 sed
494 2207 580 2264 multo
593 2210 657 2263 ante
670 2227 733 2264 cum
747 2207 789 2274 iis,
805 2207 854 2282 qui
867 2207 941 2264 inter
957 2211 1063 2284 Appen-
1115 2241 1116 2276 ι

129 2291 231 2345 ¹ninum
248 2288 389 2360 Alpesque
408 2287 573 2353 incolebant,
594 2305 675 2361 saepe
695 2287 832 2342 exercitus
846 2285 950 2343 Gallici
962 2305 1062 2380 pugna·
1115 2335 1116 2364 ι

131 2387 207 2424 ·.vere
249 2365 401 2422 Tuscorum
416 2378 479 2421 ante
495 2365 678 2422 Romanum
671 2365 814 2440 imperinm
829 2365 884 2422 late
902 2365 983 2422 terra.
991 2366 1061 2422 mari·
1115 2365 1116 2416 ι

127 2465 190 2520 que
204 2463 270 2520 opos
284 2455 404 2534 patuere.
445 2443 520 2500 Mari
534 2463 634 2519 supero
652 2445 800 2519 inferoque,
821 2445 921 2519 quibus
935 2443 1034 2502 Italia'
1028 2465 1061 2500 ur·
1115 2433 1116 2480 l

136 2525 211 2582 sulae
225 2524 307 2580 modo
321 2522 446 2595 cingitur,
462 2536 594 2597 quantum
606 2522 764 2597 potueriut³
768 2564 774 2588 ‚
790 2524 900 2579 uomina
911 2536 979 2580 sunt
991 2544 1062 2598 argu·
1115 2531 1116 2586 ζ

116 2595 236 2671 mento,
257 2603 331 2678 qubd
345 2602 459 2658 alterum
475 2601 597 2658 Tuscum
612 2603 751 2659 communi
764 2603 896 2660 vocabulo
910 2603 1010 2676 gentis,
1030 2603 1063 2660 al·
1115 2657 1116 2680 ,

128 2696 224 2739 terum
239 2681 431 2739 Hadriaticum
446 2699 529 2745 mare,
550 2683 583 2738 ab
599 2680 706 2738 Hadria
720 2681 872 2738 Tuscorum
887 2683 1006 2750 colonia,
1022 2701 1062 2738 ro·
1115 2717 1116 2722 κ

135 2781 231 2818 cavere
245 2761 356 2818 Italicae
370 2772 473 2834 gentes.
505 2759 606 2817 Graeci
620 2762 716 2818 eadem
726 2759 898 2836 Tyrrhenum
913 2775 998 2836 atque
1008 2761 1061 2816 Ha·
1115 2791 1116 2794 ι

134 2841 278 2897 driaticum
292 2853 398 2896 vocant.
439 2838 464 2895 Ii
477 2839 504 2894 iu
519 2851 665 2914 utrumque
682 2859 756 2895 mare
771 2851 914 2914 vergentes
929 2841 1060 2897 incoluere

128 2920 246 2976 urbibus
267 2918 401 2975 duodenis
424 2931 517 2984 terras,
540 2919 613 2994 priris
635 2919 673 2974 cis
694 2919 871 2994 Apenninum
893 2919 929 2974 ad
952 2919 1058 2976 inferum

132 3019 214 3067 mara,
229 3010 326 3074 postea
338 3011 411 3054 trans
426 2997 614 3073 Apenninum,
628 2998 753 3065 totidem,
767 3010 835 3075 quot
847 2997 941 3074 capita
954 2998 1057 3073 originis

165 3157 171 3186 ¹
189 3160 281 3219 Magna
295 3173 354 3224 pars
361 3159 435 3218 plebia
445 3166 503 3211 erat,
521 3155 596 3202 either
607 3157 662 3216 they
674 3154 817 3204 constituted
829 3171 844 3202 a
853 3165 923 3217 great
935 3155 1027 3216 portion
1037 3154 1060 3200 ol

131 3227 171 3273 the
187 3223 317 3286 plebeiam,
334 3239 362 3270 or
377 3232 475 3284 agreat
491 3223 585 3284 portion
603 3224 632 3270 of
645 3225 709 3269 them
727 3221 845 3285 belonged
858 3233 884 3272 to
900 3225 941 3270 the
958 3222 1059 3284 plebeiae

131 3293 203 3354 body.
239 3293 292 3340 The
303 3291 391 3337 lonner
402 3291 422 3336 is
434 3290 589 3351 improbable,
602 3306 627 3336 as
638 3292 693 3352 they
705 3290 786 3337 would
795 3289 877 3352 hardly
887 3291 947 3338 have
959 3307 985 3338 so
994 3287 1059 3350 easily

132 3359 255 3422 despaired
267 3359 296 3405 of
309 3357 401 3420 getting
415 3356 534 3404 Camillus
544 3357 672 3421 acquitted.
710 3359 773 3405 Thai
784 3360 823 3404 the
834 3357 919 3405 cliente
931 3359 960 3406 of
974 3360 1013 3406 the
1023 3373 1058 3418 pa·

128 3429 225 3476 triciens
237 3442 299 3474 were
314 3425 411 3472 distinct
422 3427 483 3471 from
497 3425 536 3472 the
548 3425 677 3486 plebeians,
689 3441 725 3472 we
735 3425 802 3473 learn
813 3425 927 3474 tremit.
942 3425 983 3475 64.
1019 3427 1057 3474 ste

127 3511 150 3552 p.
167 3495 221 3552 135,
244 3505 301 3542 note
323 3493 344 3540 l.
452 3488 462 3515 ²
479 3497 525 3541 Cur·
544 3492 682 3542 Lucumoni
699 3503 762 3543 tutor
778 3497 798 3542 ιί
812 3497 990 3560 Arunssuernt
1004 3498 1053 3558 ipre.

124 3560 133 3587 ⁸
151 3562 260 3626 Doering
272 3576 384 3624 proposes
390 3562 520 3623 patuerint.
