2262 3858
112 205 170 264 312
493 202 527 260 Τ.
547 201 648 262 LIVII

110 372 127 434 ‚⁸
141 365 214 433 dem,
223 362 273 420 sed
283 361 405 420 umbram
414 378 569 437 nomenque
579 362 611 419 P.
619 359 722 420 Licinii
729 361 854 420 relictum
864 359 975 420 videtis.
988 395 990 412 ·
1006 361 1056 420 vi·

118 453 126 481 ‘
140 463 183 502 res
193 441 313 517 corporis
325 439 448 508 affectae,
457 459 553 499 sensus
561 437 703 498 ocdlorum
716 454 798 517 atque
811 441 920 500 aurium
932 441 1059 509 hebetes,

119 531 127 560 ‘
141 521 273 581 memoria
284 521 368 588 labat,
382 519 459 595 vigor
471 519 554 576 animi
565 521 687 578 obtusus.
721 520 766 578 En
776 520 872 588 robls‚’
881 520 983 596 inquit,
999 529 1007 555 ‘
1013 520 1060 598 ju·

118 612 127 640 ‘
141 599 255 670 venem,’
269 600 355 656 lilium
369 609 473 666 tenens,
489 599 626 674 ‘effigiem
637 611 719 674 atque
731 600 877 676 imaginem
888 599 959 676 ejus,
974 619 1060 674 quem

119 692 127 719 ‘
140 702 189 739 vos
197 692 277 739 antea
290 679 429 736 tribunum
440 677 558 734 militum
569 697 605 734 ex
614 679 692 755 plebe
703 679 821 755 primum
831 679 943 736 fecistis.
972 678 1060 736 Hunc

119 770 127 798 ‘
140 781 202 837 ego,
216 759 372 816 institutum
386 757 528 833 disciplinis
541 757 610 824 med,
622 758 753 816 vicarium
766 779 817 834 pro
829 778 874 815 me
887 758 1060 834 reipublicae

119 841 178 899 ‘do
191 839 316 914 dicoque.
356 835 468 912 Vosque
485 854 595 909 quaeso,
614 837 745 906 Quirites,
766 838 886 895 delatum
900 837 973 894 milti
987 837 1061 894 ultro

120 920 273 978 ‘honorem
293 915 357 974 huic
378 915 491 991 petenti,
513 915 636 990 meisque
655 935 706 992 pro
728 935 763 974 eo
783 915 898 993 adjectis
918 917 1060 993 precibus,

119 1008 127 1035 ‘
141 995 293 1058 mandetis!
332 995 438 1052 Datum
451 995 480 1051 id
493 997 597 1070 petenti
611 995 700 1071 patri;
719 995 844 1071 filiusque
858 995 917 1072 ejus
932 996 970 1053 P.
985 994 1061 1052 Lici·

119 1081 181 1138 nius
194 1079 319 1140 tribunus
332 1073 449 1132 militum
464 1074 598 1132 consulari
611 1085 747 1149 potestate
757 1095 820 1132 cum
834 1074 876 1142 iis,
890 1094 963 1149 quos
978 1075 1061 1152 sopri

119 1158 285 1236 scripsimus,
294 1154 454 1212 declaratus.
482 1152 600 1210 Titinius
609 1153 807 1229 Genuciusque
815 1153 918 1211 tribuni
927 1153 1060 1220 militum,

119 1237 234 1316 profecti
247 1236 376 1293 adverm
391 1232 510 1290 Faliscos
524 1232 741 1309 Capenatesque,
755 1234 821 1290 dum
835 1233 937 1290 bellum
954 1233 1060 1310 majore

120 1318 211 1376 animo
225 1326 332 1391 gerunt,
341 1311 428 1388 'quiam
438 1311 560 1377 consilio,
574 1312 787 1388 praecipitavere
801 1313 828 1368 in
842 1311 967 1373 insidias.
1005 1313 1060 1370 Ge·

119 1397 226 1462 nucius,
240 1405 328 1450 morte
341 1391 455 1449 honesti
468 1391 650 1448 temeritatem
664 1391 751 1460 luens,
762 1405 825 1449 ante
836 1392 915 1466 signa
922 1391 1000 1450 inter
1009 1392 1061 1468 pri·

119 1495 209 1533 mores
222 1473 330 1531 cecidit.
370 1469 499 1538 Titinius,
512 1470 540 1526 in
554 1471 659 1528 editum
673 1471 810 1528 tumulum
824 1489 864 1538 ex,
873 1471 964 1528 multis
978 1472 1060 1547 trepi-

119 1555 229 1612 datione
238 1550 370 1609 militibus
379 1549 508 1616 collectie,
519 1549 605 1606 aciem
617 1549 755 1616 restituit;
768 1569 858 1608 neces
868 1562 963 1607 mmen
973 1570 1061 1626 aequo

119 1633 181 1692 loco
194 1631 267 1689 hosti
280 1628 425 1688 commisit.
466 1627 532 1684 Plus
546 1628 711 1703 ignominiae
725 1642 792 1698 erat,
806 1627 889 1704 quam
904 1629 1002 1696 cladis,
1017 1649 1059 1688 ac·

91 1773 97 1784 ,
119 1725 247 1790 ceptum;
267 1728 336 1784 quae
350 1726 435 1784 prope
448 1706 476 1762 in
485 1707 589 1764 cladem
603 1708 742 1783 ingentem
753 1709 853 1774 vertit;
873 1721 986 1766 tantum
997 1709 1059 1766 inde

119 1791 230 1850 terreris
243 1809 298 1846 non
309 1788 414 1844 Romae
427 1781 519 1853 modi),
530 1782 585 1861 qud
593 1787 736 1864 multiplex
748 1787 1002 1864 famaperrsnerat,
1013 1789 1058 1844 sed

120 1872 149 1928 in
162 1869 257 1930 castris
270 1863 379 1944 quoque
392 1865 445 1922 fuit
457 1865 492 1924 ad
507 1865 601 1941 Vejos.
641 1868 735 1942 Aegre
755 1867 793 1923 ibi
813 1867 892 1924 miles
906 1879 1059 1925 retentura

119 1951 185 2028 lugd
193 1962 243 2015 est,
252 1967 337 2023 quum
348 1945 510 2023 pervasisset
520 1956 608 2002 castra
618 1965 719 2013 rumor,
732 1953 739 1980 ⁶
750 1945 867 2004 ducibus
880 1947 1058 2021 exercituque

121 2039 129 2065 ⁴
143 2050 232 2094 caeso,
243 2029 373 2086 victorem
386 2025 555 2101 Capenatem
565 2044 596 2082 ac
608 2024 744 2082 Faliscum
757 2025 941 2101 Etruriaeque
950 2045 1057 2084 emnem

121 2117 129 2144 ‘
138 2109 314 2187 juventutem
334 2104 408 2162 haud
421 2105 515 2180 procul
534 2104 600 2160 inde
619 2103 731 2162 abesse?
772 2103 828 2161 His
847 2105 1058 2162 tumultuosiora

121 2189 238 2255 Romae,
247 2187 306 2263 jam
319 2197 409 2242 castra
421 2183 456 2240 ad
471 2183 555 2260 Vejos
569 2183 729 2259 oppugnari.
742 2181 802 2260 jam
816 2196 923 2260 partem
938 2183 1055 2242 bostium

120 2269 232 2326 tendere
246 2266 282 2322 ad
292 2265 388 2320 urbem
397 2263 504 2338 agmine
518 2263 625 2329 infesto,
636 2263 824 2320 crediderent:
838 2282 1056 2338 concursumque

120 2348 149 2404 in
163 2364 256 2402 muros
269 2355 320 2411 est,
333 2354 363 2399 et
376 2353 571 2409 matronarum,
592 2361 659 2416 quas
672 2361 707 2399 ex
720 2342 804 2400 domo
817 2343 978 2400 conciverat
990 2343 1054 2420 pub·

119 2426 188 2484 licus
200 2441 293 2501 pavor,
307 2419 526 2478 obsecrationes¹
540 2421 569 2477 in
583 2421 693 2497 templis
706 2422 809 2478 factae:
826 2421 1014 2497 precibusque
1024 2421 1055 2477 ab

121 2504 185 2562 Diis
199 2503 325 2579 petitum,
340 2505 348 2534 ‘
362 2510 391 2556 et
402 2499 516 2555 exitium
530 2499 565 2556 ab
578 2501 654 2556 urbis
667 2501 748 2558 tectis
761 2501 927 2576 templisque
941 2519 976 2560 ac
985 2519 1055 2558 moe·

121 2594 129 2620 ‘
143 2583 224 2642 nibus
233 2579 366 2640 Romanis
379 2590 511 2646 arcerent,
520 2577 659 2654 Vejosque
672 2599 735 2637 eum
747 2591 903 2638 averterent
916 2591 1054 2646 terrorem,

121 2671 129 2698 ⁴
143 2663 167 2720 si
180 2681 256 2719 sacra
268 2671 398 2717 renovata
410 2657 470 2724 rite,
485 2658 508 2714 si
522 2672 667 2734 procurata
679 2659 803 2735 prodigia
816 2657 926 2716 essent.’

160 2740 241 2799 XIX.
261 2739 326 2798 Jam
339 2735 576 2813 ludiLatinaeque
587 2737 598 2770 ⁹
611 2738 776 2794 instauratae
786 2750 880 2794 erant:
895 2737 957 2814 jam
972 2757 1008 2795 ex
1019 2739 1052 2794 ln-

121 2839 157 2878 cu
172 2821 281 2878 Albano
294 2836 366 2893 aqua
378 2817 478 2874 emissa
493 2817 521 2872 in
539 2835 627 2892 agros,
648 2816 787 2895 Vejosque
806 2817 862 2874 iata
881 2819 1052 2893 appetebant.

120 2899 217 2976 Igitur,
237 2897 327 2956 fatalis
340 2896 396 2953 dux
409 2896 445 2952 ad
458 2895 595 2954 excidium
613 2895 685 2952 illius
704 2896 779 2952 urbis
792 2896 998 2972 servandaeque
1011 2915 1052 2973 pe·

120 2980 189 3038 triae
199 2975 220 3047 ³,
241 2975 285 3034 M.
300 2975 398 3033 Furius
413 2974 546 3033 Camillus
565 2976 682 3032 dictator
701 2975 793 3032 dictus
806 2975 969 3051 magistrum
982 2977 1051 3051 squi-

121 3073 179 3118 tum
196 3059 228 3116 P.
242 3055 402 3115 Cornelium
418 3053 574 3130 Scipionem
590 3055 668 3112 dixit.
709 3053 813 3112 Omnia
832 3057 948 3131 repente
970 3069 1052 3112 muta·

120 3136 357 3212 veratimperator
369 3145 499 3191 mutatus.
541 3134 605 3192 Alia
618 3153 689 3210 spes,
703 3134 773 3192 alius
786 3133 1051 3200 animusbominnnr,
1107 3197 1108 3219 χ

120 3285 169 3334 and
180 3302 195 3332 a
205 3297 300 3332 comma
309 3281 465 3344 astsrfictor·
500 3282 552 3329 But
562 3282 613 3328 that
623 3279 730 3343 destr'oys
740 3283 782 3330 the
792 3281 914 3328 inserence
925 3291 1001 3341 omes,
1009 3279 1048 3326 dre.

121 3355 204 3401 drawn
220 3353 283 3399 irem
300 3353 329 3404 rt,
347 3351 403 3405 dec,
415 3347 494 3394 wnttss
504 3351 570 3396 there
581 3348 602 3394 is
613 3363 645 3395 no
656 3350 791 3396 connexion
802 3348 901 3397 betwixt
911 3352 940 3406 si,
953 3351 995 3397 &n
1008 3344 1049 3393 end

120 3437 167 3478 me,
178 3424 224 3469 &c
300 3417 307 3446 ¹
327 3416 379 3464 The
390 3415 552 3479 generieterm
560 3415 581 3461 is
589 3420 738 3478 supplicatio,
747 3416 873 3477 including
884 3418 1048 3467 nomm.

121 3487 358 3550 undgrotulotioaes.
432 3478 538 3544 'Ssop
551 3483 609 3540 310,
626 3493 683 3532 note
694 3485 718 3532 2.
799 3483 1049 3547 ¹Acbuugeutcnn·

120 3555 245 3612 euoenon,
257 3553 286 3602 ol
299 3543 377 3600 nbieb
389 3549 450 3612 Livy
461 3549 482 3598 is
492 3550 565 3600 lond:
584 3551 634 3600 dux
645 3550 770 3611 ord-dux
779 3555 880 3616 maine·
