2230 3846
95 179 159 254 ιιι
490 179 524 238 ι.
544 179 666 238 ιινιι

94 336 336 412 ‘augustissimam
351 337 423 395 illum
438 338 551 396 domum
565 337 644 395 Jovis
658 337 756 413 optimi
769 337 881 395 maximi
896 337 1010 396 ἀοοιιὶιΙ
1025 338 1042 394 P

95 416 239 474 ‘Romule
260 429 345 492 pater,
366 430 397 473 tu
417 430 537 475 mentem
557 429 642 482 tuam,
663 417 717 491 quai
733 419 870 491 quondam
885 437 985 485 urcem,
999 419 1038 474 ab

95 493 159 550 “his
179 495 277 551 iisdem
300 496 406 552 Sabinis
426 515 492 554 euro
511 508 627 570 captam,
641 496 769 572 recepisti
780 495 800 563 ²,
821 498 857 553 ds
869 497 949 572 stirpi
962 510 1041 552 tuse.

94 579 102 606 ‘
116 575 190 632 ,lube
203 572 274 632 hanc
286 575 393 650 ingredi
407 575 487 640 viem,
502 595 584 648 quam
599 589 629 632 tu
643 575 709 640 dux,
721 594 803 649 quarn
817 588 884 632 tuus
897 577 1042 650 ingressus

93 653 253 712 ‘exercitus
273 665 323 710 est.
365 654 483 718 Primus,
502 674 546 720 en,
567 673 619 728 ego
639 655 744 721 consul,
765 669 897 730 quantum
914 653 1043 711 mortalis

96 731 212 788 ‘Deum
234 751 354 807 possum,
375 746 412 800 te,
433 753 465 790 ac
478 745 527 789 tun
540 733 654 808 vestigia
667 735 782 809 sequar.’
824 735 961 793 Ultimum
977 751 1043 790 ora·

95 809 177 871 tionis
190 812 251 878 fuit,
273 812 332 868 <se
352 831 427 868 arma
447 831 664 888 cuperemque
685 833 781 870 omnes
802 813 925 877 Quirites
938 813 976 869 ed
995 831 1043 868 ar-

97 895 171 946 ‘ma
213 890 242 948 Si
270 891 331 964 quis
361 891 500 965 impediat,
524 890 582 967 jam
609 911 639 948 se
663 893 811 949 consuleris
837 891 955 966 imperii,
979 890 1044 966 jum

97 968 280 1026 ‘tribuniciae
300 969 443 1044 potestatis
463 984 684 1044 sacratarumque
705 971 795 1046 legum
817 970 941 1038 oblitum,
964 970 1043 1044 quis·

98 1048 180 1122 .‘quis
192 1048 237 1106 ille
251 1047 295 1115 sit,
317 1049 473 1124 ubicunque
487 1050 531 1116 sit,
552 1049 581 1106 in
596 1049 744 1124 Capitolio,
763 1051 791 1105 In
805 1051 872 1114 foro,
887 1067 937 1124 pro
958 1047 1044 1105 hoste

97 1125 289 1184 ‘habiturum
329 1126 486 1186 Juberent³
507 1128 617 1195 tribuni,
639 1129 767 1203 quoniam
790 1128 817 1184 in
844 1129 901 1204 Ap.
926 1127 1044 1184 Herdo-

98 1206 197 1262 ‘nium
213 1217 345 1272 vetarent,
366 1207 394 1264 in
410 1208 442 1264 P.
457 1207 596 1264 Valerium
612 1208 752 1263 consulem
766 1207 837 1263 sumi
851 1227 934 1264 erma.
978 1207 1044 1262 Au·

99 1291 107 1318 ‘
121 1305 215 1342 rurum
227 1303 256 1341 se
270 1286 298 1340 in
312 1287 436 1353 tribunis,
451 1287 526 1361 quod
535 1286 662 1361 princeps
674 1286 790 1342 familiae
801 1285 891 1342 οιιιιο4
913 1305 998 1342 ausus
1013 1287 1045 1340 in

100 1364 232 1438 ‘regibus
252 1363 341 1420 esset!
382 1364 445 1420 Vim
467 1365 591 1422 ultimam
611 1366 759 1439 apparebat
780 1367 910 1430 futuram,
931 1376 1044 1440 speeta-

100 1443 217 1517 culoque
230 1443 393 1500 seditionem
411 1444 562 1502 Romanam
575 1443 701 1501 hostibus
714 1445 782 1500 fore.
822 1443 883 1501 Nec
892 1445 937 1500 lex
946 1457 1045 1500 temen

99 1521 173 1588 ferri,
193 1541 245 1578 nec
264 1521 303 1577 ire
323 1522 351 1578 in
367 1522 534 1597 Capitolium
556 1522 651 1579 consul
671 1524 770 1598 potuit.
811 1523 876 1579 Nox
890 1523 1045 1580 certamina

100 1612 199 1676 coepta
219 1601 370 1676 oppressit:
393 1602 494 1660 tribuni
514 1621 622 1658 cessere
641 1603 725 1668 nocti,
746 1603 875 1668 tImeutes
895 1602 1043 1659 consulum
1108 1657 1109 1660 ,

99 1700 185 1738 erma.
226 1679 337 1736 Amotis
357 1680 420 1737 inde
440 1680 582 1738 seditionis
602 1681 767 1748 auctoribus,
784 1681 880 1738 Patres
895 1681 1044 1738 circumire
1108 1685 1109 1710 ³

101 1760 217 1836 plebem,
232 1758 433 1833 inferentesque
447 1779 476 1816 re
491 1760 517 1815 in
532 1760 657 1828 circulos,
678 1779 816 1816 sermones
829 1759 948 1837 tempori
963 1773 1044 1836 aptos
1108 1755 1109 1758 '

98 1858 207 1905 serere:
229 1837 384 1906 admonere,
400 1847 407 1873 ‘
423 1839 463 1898 Ut
477 1839 609 1906 viderent,
624 1839 651 1894 in
666 1840 740 1913 quod
752 1839 897 1896 discrimen
912 1841 1044 1916 rempub-

104 1918 204 1974 ‘licem
226 1917 403 1974 adducerent.
444 1917 508 1974 Non
528 1917 600 1974 inter
615 1918 711 1974 Patres
730 1937 762 1975 ac
779 1919 886 1994 plebem
901 1931 1045 1976 certamen

103 2003 111 2031 ⁴
125 2015 194 2064 esse,
208 1995 257 2054 sed
268 1997 349 2052 simul
360 1998 454 2054 Patres
463 1998 634 2072 plebemque,
648 2017 738 2054 arcem
750 1998 832 2064 urbis,
848 1998 950 2074 templa
964 1997 1044 2054 Deo·

104 2083 196 2144 ‘rum,
220 2088 334 2152 penates
354 2077 477 2150 publicos
497 2075 670 2150 privatosque
691 2075 814 2133 hostibus
841 2075 922 2134 dedi!
964 2076 1044 2132 Dum

103 2154 171 2212 haec
191 2155 219 2212 in
232 2156 291 2211 foro
305 2155 441 2212 sedandae
456 2155 607 2212 discordiae
620 2155 704 2215 causti
715 2169 842 2231 aguntur,
863 2155 991 2213 eonsules
1003 2156 1045 2211 in-

103 2235 193 2302 terim,
213 2253 248 2290 ne
272 2235 373 2301 Sabini,
393 2255 428 2292 ne
446 2233 547 2310 Vejens
568 2233 653 2290 hostis
674 2248 837 2303 moveretur,
859 2237 931 2292 circa
950 2245 1045 2310 portas
1108 2283 1109 2290 .

102 2332 252 2386 ,mrrrosque
266 2313 453 2370 discesserent.

144 2391 255 2448 XVIII.
277 2392 383 2448 Eidem
397 2404 477 2448 nocte
491 2404 520 2450 et
534 2391 686 2450 Tusculum
701 2393 736 2449 de
749 2413 812 2450 arce
825 2394 920 2469 capti,
930 2394 1044 2468 Capito-

103 2471 195 2545 lioque
216 2483 358 2546 occupato,
379 2482 408 2526 et
427 2471 480 2526 alio
501 2473 625 2529 turbatae
644 2473 717 2528 urbis
729 2485 801 2528 statu
815 2473 907 2528 nuncii
922 2473 1045 2530 veniunt.

99 2549 139 2606 L.
160 2549 304 2607 Mamilius
325 2549 439 2606 Tusculi
460 2563 518 2606 tum
534 2551 729 2606 dictatorerm.
770 2552 806 2618 Is,
821 2552 965 2608 confestim
981 2549 1045 2609 con·

104 2642 202 2686 roceto
216 2641 320 2695 senatu,
335 2641 417 2702 etque
430 2629 594 2686 introductis
608 2630 723 2696 nunciis,
738 2647 836 2704 magno
850 2651 932 2705 opere
942 2643 1045 2698 censet,

105 2714 113 2742 ⁴
129 2707 342 2786 Neexpectent,
364 2709 428 2764 dum
450 2710 484 2765 ab
500 2709 590 2766 Romi
599 2708 690 2783 legati,
705 2709 835 2765 auxilium
850 2723 987 2786 petentes,
1002 2729 1045 2766 ve·
1108 2763 1109 2768 ,

107 2787 222 2844 ‘niantz
243 2787 395 2864 periculum
415 2787 505 2864 ipsum
533 2788 741 2868 discrimenque,
759 2808 792 2846 ac
817 2789 932 2846 sociales
959 2789 1046 2853 Deos,

98 2933 100 2942 .
140 2899 147 2926 ¹
167 2899 210 2946 See
220 2917 243 2960 p.
254 2899 293 2954 38.
302 2899 349 2947 end
360 2899 389 2946 of
399 2909 454 2945 note
469 2899 489 2956 l,
502 2900 542 2945 the
553 2899 715 2947 construction
726 2899 755 2946 of
763 2905 826 2950 deret
837 2901 911 2964 being
923 2901 1017 2948 similar
1024 2911 1047 2948 to
1108 2903 1109 2962 l

107 2967 197 3014 thetol’
204 2978 300 3030 oportet.
367 2963 437 3014 'See
449 2967 470 3014 I.
489 2966 525 3024 ll,
543 2965 580 3013 12.
598 2985 602 2992 ·
649 2967 659 2995 ⁸
678 2969 714 3029 By
725 2984 772 3015 one
783 2970 812 3016 of
825 2970 892 3016 those
910 2971 1047 3017 transitione
1108 2973 1109 3024 ἶ

107 3050 134 3082 ιο
150 3049 261 3081 οοιιιιιιοιι
276 3045 301 3082 ιο
320 3034 382 3098 Licy
392 3034 440 3080 and
456 3033 489 3080 all
506 3033 625 3080 historical
640 3035 738 3094 writers,
756 3038 796 3083 the
813 3047 879 3084 tense
896 3037 917 3084 is
939 3037 1047 3100 changed
1108 3045 1109 3052 ’

107 3101 169 3149 from
187 3103 226 3148 the
243 3101 364 3150 historicel
375 3110 435 3162 pest,
449 3106 500 3159 (see
512 3117 535 3161 p.
552 3103 590 3156 10,
604 3111 660 3148 note
676 3101 708 3161 I.)
721 3113 746 3152 ιο
759 3105 798 3150 the
809 3105 977 3168 grammatical
989 3114 1046 3166 past

109 3169 161 3216 The
172 3169 255 3216 render
263 3171 313 3216 will
324 3168 375 3214 find
388 3183 419 3214 ιιο
430 3169 548 3230 difficulty
558 3168 582 3216 in
593 3167 783 3236 understanding
792 3173 838 3218 this
846 3173 957 3234 seeming
966 3173 1048 3220 incon·
1108 3183 1109 3234 ι

101 3236 217 3298 sistency,
231 3237 254 3283 if
261 3239 291 3283 he
303 3237 442 3292 remember,
454 3238 506 3283 that
518 3237 543 3282 in
556 3236 587 3282 all
601 3251 686 3282 casesa
698 3239 811 3286 historian
821 3240 893 3302 usIng
905 3241 946 3286 the
956 3248 1049 3300 present
1108 3241 1109 3246 ’

100 3304 145 3352 dor
156 3307 197 3350 the
207 3319 311 3364 purpose
322 3303 351 3349 of
358 3301 449 3364 adding
461 3311 486 3348 to
498 3305 537 3350 the
549 3304 618 3350 effect
630 3303 658 3348 of
666 3303 702 3350 his
714 3307 842 3362 narration,
855 3307 875 3353 is
884 3307 1011 3368 speaIdng,
1025 3307 1047 3351 in
1108 3315 1109 3360 ι

99 3371 201 3433 -reelity,
210 3373 238 3418 of
243 3383 297 3433 past
306 3371 371 3424 time,
381 3368 427 3414 and
437 3371 606 3432 consequently
616 3385 680 3432 may,
687 3373 743 3419 with
753 3376 842 3434 perfect
851 3375 984 3436 propriety,
995 3389 1047 3433 pass
1108 3407 1109 3436 ι

108 3437 169 3485 from
179 3440 219 3485 the
227 3455 274 3487 ona
282 3448 307 3486 to
317 3439 357 3484 the
368 3437 441 3484 other.
481 3439 524 3486 See
535 3439 585 3486 also
596 3453 620 3500 p.
637 3437 692 3498 119,
705 3451 761 3489 ιιοιο
773 3443 796 3490 3.
866 3442 875 3471 ⁴
896 3441 946 3490 His
961 3441 1046 3496 sethei,
1108 3441 1109 3482 l

112 3504 140 3552 P.
153 3505 264 3556 Valerius
278 3503 411 3556 Publicola.
1108 3509 1109 3538 i
