2230 3846
428 191 553 253 LIBER
574 193 629 253 Ill.
948 197 1001 252 171

66 349 172 416 tribuni,
186 349 399 408 reclamantibus
409 352 574 419 oonsulibus,
585 352 693 411 refecti.
730 351 825 412 Patres
835 350 954 428 quoque,
966 374 1003 411 aa

65 428 124 502 quid
147 430 281 486 oederent
300 429 383 506 plebi,
404 443 433 488 et
452 431 504 508 ipsi
517 431 553 487 L.
566 431 728 495 Quinctium
742 433 882 490 consulem
896 433 1003 491 reficie-

65 509 124 562 bant
135 510 154 562 ¹.
198 507 285 565 Nulla
307 520 368 566 toto
390 528 461 567 anno
485 508 672 567 vehementior
696 511 768 568 actio
795 511 915 569 consulis
941 512 1002 569 luit.

66 585 194 652 ‘Miren’
207 587 305 662 inquit,
321 595 329 622 ⁴
342 587 366 644 si
379 607 449 645 rana
461 601 560 656 restra,
577 589 672 648 Patres
685 591 840 668 conscripti,
854 591 1003 648 auotoritas

65 665 115 720 ‘ad
126 665 239 740 plebem
250 667 317 724 est?
333 666 391 723 Vos
401 667 536 726 elevatis²
550 687 620 725 eam.
660 668 779 746 Quippe,
794 669 858 744 quia
870 670 947 746 plebs
961 689 1004 727 se-

66 745 325 802 ‘natusconsultum
351 746 380 802 in
400 747 590 805 continuandis
611 748 814 823 magistratibus
839 747 930 814 solvit,
950 749 1005 826 ipsi

65 824 196 898 ‘'qabqua
217 824 337 881 solutum
352 824 445 894 vultis,
465 846 501 883 ne
517 825 666 884 temeritati
686 827 868 885 multitudinis
881 829 1003 885 cedatis:

66 911 219 978 ‘tanquam
234 903 263 960 id
277 904 313 960 ait
323 904 384 980 plns
397 906 520 981 possein
534 905 654 972 civitate,
668 906 731 982 plus
744 906 863 964 levitatis
875 925 909 964 ac
920 907 1004 964 liceu-

65 983 138 1039 ‘tiae
161 980 271 1040 babere.
311 982 415 1041 Levius
435 985 508 1041 enim
523 984 672 1059 vaniusque
691 981 815 1061 profecti)
828 996 879 1051 est,
893 1005 944 1042 sua
956 987 1005 1044 de-

65 1069 163 1119 ‘creta
175 1074 205 1118 et
218 1061 343 1120 consulta
355 1061 459 1129 tollere,
474 1063 556 1138 quim
570 1063 695 1120 aliorum.
734 1063 894 1129 Imitamini,
910 1064 1006 1122 Patres

67 1141 246 1216 ‘conscripti
268 1142 374 1200 turbam
395 1142 594 1199 inconsultam:
614 1154 651 1209 et,
672 1143 720 1218 qui
733 1143 860 1220 exemplo
873 1143 932 1200 aliis
946 1163 1007 1200 esse

68 1220 205 1288 ‘debetis,
226 1219 341 1278 aliorum
362 1222 490 1298 exemplo
508 1221 629 1300 peccetis
643 1221 742 1297 potibs,
756 1220 839 1297 quim
852 1221 897 1280 alii
915 1235 1006 1280 restro

68 1303 162 1359 'recte
174 1301 296 1368 faciant;
315 1301 382 1357 dum
402 1319 455 1376 ego
474 1320 509 1358 ne
530 1300 621 1358 imiter
634 1299 767 1368 tribunos,
788 1320 840 1359 neo
853 1320 897 1359 me
911 1315 1007 1358 contra

67 1389 200 1438 ‘senatus
214 1380 370 1438 consultura
385 1379 527 1436 consulem
540 1379 694 1436 renunciari
706 1379 802 1455 patiar.
844 1379 886 1438 Ta
898 1376 962 1437 verb
972 1380 1007 1437 C.

67 1469 74 1495 ⁴
87 1459 198 1526 Claudi,
213 1457 351 1527 adhortor,
365 1470 398 1516 nt
410 1469 439 1516 et
452 1459 511 1534 ipse
519 1459 651 1536 populum
664 1459 820 1516 Romanurn
831 1458 883 1518 hac
896 1459 1007 1517 licentii

67 1547 199 1596 ‘arceasr
220 1549 250 1595 et
270 1539 306 1595 de
327 1557 371 1596 me
390 1535 444 1595 boc
457 1537 507 1594 tibi
521 1538 694 1614 persuadeas,
708 1557 753 1596 me
766 1539 805 1595 ita
817 1551 1006 1614 accepturum,

67 1627 117 1676 ‘at
136 1637 193 1676 non
215 1617 346 1675 bonorem
368 1635 461 1674 meum
474 1636 491 1674 a
504 1629 532 1674 te
545 1617 719 1692 impeditam,
731 1617 780 1674 sed
794 1617 907 1693 gloriam
921 1617 1007 1693 spreti

68 1709 74 1734 ⁸
86 1697 198 1756 honori
212 1709 330 1766 aucum,
345 1696 539 1771 invidiamque,
551 1715 621 1771 qaae
635 1715 670 1752 ex
682 1695 842 1754 continuato
856 1716 890 1754 eo
900 1697 1007 1772 impen-

67 1779 173 1844 ‘daret‚
196 1776 315 1834 levatam
335 1773 448 1852 putem.’
489 1775 681 1833 communiter
706 1775 771 1832 inde
792 1775 914 1842 edicunt,
939 1773 1009 1832 ‘Ne

68 1857 146 1932 ‘quis
166 1855 203 1911 L.
222 1855 385 1918 Quinctium
405 1854 546 1912 consulem
566 1854 675 1912 facerat.
717 1855 747 1912 Si
767 1854 829 1928 quis
841 1854 961 1922 fecisset,
975 1873 1005 1910 aa

69 1943 77 1986 r
89 1937 116 1994 id
128 1934 292 2010 suffragium
307 1952 362 1990 non
375 1932 582 1989 observaturos!

205 2011 304 2070 XXll.
325 2011 459 2071 Consules
469 2011 554 2069 creati
568 2011 604 2074 Q.
619 2009 719 2068 Fabius
730 2009 883 2068 Vibulanus
893 2009 1007 2066 tertium

70 2097 91 2131 l·
104 2095 123 2131 0·
166 2105 195 2150 et
210 2091 245 2148 L.
262 2091 409 2150 Cornelius
422 2089 633 2166 Maluginensis.
674 2088 781 2147 Census
795 2101 873 2147 actus
883 2107 917 2145 eo
927 2107 1011 2146 anno.

70 2150 123 2199 ²9⁵*
165 2171 312 2239 Lustrum,
334 2182 447 2247 propter
466 2169 636 2246 Capitolium
656 2179 778 2244 captum,
799 2167 941 2225 consulem
961 2186 1008 2224 oc·

69 2251 161 2320 meum,
182 2251 267 2308 condi
287 2249 444 2325 religiosum
457 2247 541 2306 fuit³.
581 2247 617 2312 Q.
632 2246 725 2314 Fabio,
746 2245 781 2303 L.
796 2245 927 2304 Cornelio
943 2265 1009 2304 con·

69 2331 179 2398 solibus,
201 2329 338 2407 principio
356 2329 421 2386 anni
441 2327 533 2386 statim
553 2346 598 2384 res
614 2326 797 2402 turbulentae.
837 2325 1010 2402 Instigabant

71 2409 175 2484 plebem
191 2409 304 2466 tribuni.
345 2408 454 2465 Bellum
468 2407 564 2483 ingens
574 2426 591 2463 a
602 2405 709 2463 Volscis
720 2417 748 2462 et
760 2406 876 2481 Aequis.
916 2405 1011 2466 Latini

69 2500 147 2564 atque
168 2487 288 2545 Hernici
307 2488 489 2553 nunciabant;
510 2494 518 2522 ‘
527 2485 585 2559 jam
605 2485 686 2542 Antii
704 2482 866 2542 Volscorum
888 2484 1011 2559 legiones

72 2566 176 2625 ‘esser'
209 2581 238 2625 et
259 2567 348 2643 ipsam
368 2567 503 2624 coloniam
521 2565 617 2640 ingens
639 2575 730 2622 metus
748 2577 806 2621 erat
832 2564 1011 2621 defecturam.

74 2647 221 2722 Aegreque
243 2645 420 2722 impetratum
441 2664 458 2701 a
477 2644 603 2711 tribunis,
623 2655 656 2700 ut
673 2643 775 2702 bellum
789 2643 924 2717 praeverti
938 2643 1011 2700 sine·

72 2738 136 2782 rent.
181 2725 318 2782 Consules
338 2725 402 2781 inde
422 2723 515 2800 partiti
534 2722 697 2798 provincias.
737 2720 833 2789 Fabio,
846 2732 879 2778 ut
892 2721 1012 2780 Antium

72 2803 191 2879 legiones
199 2805 323 2871 duceret,
333 2804 426 2860 datum
439 2823 447 2858 ι
469 2802 607 2870 Cornelio,
617 2813 650 2860 ut
661 2802 768 2858 Romae
777 2800 914 2876 praesidio
922 2814 1012 2866 esset;

72 2901 104 2940 na
123 2903 181 2959 qua
198 2901 263 2958 pars
283 2881 414 2951 hostium,
429 2881 477 2957 qui
491 2881 599 2955 Aequis
614 2899 673 2938 mos
687 2892 754 2948 erat,
774 2879 810 2936 ad
823 2879 1011 2956 populandum

103 3039 109 3068 ¹
127 3044 283 3107 Rpfcr'abaot.
295 3055 358 3087 were
368 3039 518 3102 reslecting.
685 3034 695 3064 ¹
711 3041 819 3095 Eleoore,
835 3036 912 3085 levem
924 3038 1012 3088 facere·

72 3105 81 3134 ⁸
95 3111 131 3157 Eo
143 3127 207 3158 onae
224 3118 291 3158 must
308 3109 406 3156 referto
418 3109 457 3155 the
469 3106 572 3164 natural,
584 3114 627 3154 not
638 3107 678 3154 tbe
688 3107 801 3154 consular
812 3120 875 3166 year,
888 3121 922 3163 aa,
934 3107 959 3153 iu
972 3108 1013 3156 tbc

72 3172 126 3221 24tb
140 3178 254 3237 Chapter,
267 3191 303 3222 we
314 3175 364 3224 find
376 3178 426 3223 that
437 3185 461 3222 at
469 3177 509 3222 the
517 3173 657 3223 conclusion
668 3173 697 3221 of
708 3175 747 3222 the
758 3190 840 3224 census
852 3173 891 3220 the
908 3172 1013 3220 lustrum

73 3256 117 3289 aaa
127 3243 217 3292 closed.
257 3245 309 3292 The
320 3259 413 3300 census,
426 3245 490 3298 rben,
504 3258 552 3290 was
562 3244 643 3304 beguu
652 3242 677 3286 in
687 3241 733 3288 this
741 3256 804 3302 year,
814 3239 861 3288 and
869 3241 908 3287 tbe
920 3239 1013 3301 closing

71 3309 99 3354 of
110 3312 129 3358 it
144 3311 190 3359 left
201 3321 227 3358 to
238 3313 279 3358 the
290 3323 358 3370 next,
372 3311 449 3358 under
460 3313 500 3358 tlte
511 3325 576 3356 mine
587 3308 690 3356 consuls.
729 3309 781 3356 The
792 3322 890 3370 passage
902 3307 944 3350 bas
955 3306 1012 3351 mis-

70 3374 108 3423 led
122 3379 236 3440 Ruperti,
249 3381 311 3436 who,
323 3379 440 3440 referring
452 3388 476 3424 to
484 3378 565 3436 'Cbap.
581 3375 610 3422 15
618 3375 665 3422 aud
678 3375 715 3430 lii,
728 3373 808 3421 tbinlia
817 3374 867 3418 that
876 3373 915 3416 the
926 3373 1013 3417 census

77 3458 122 3496 itas
139 3449 223 3508 begun
240 3446 289 3502 and
305 3445 454 3506 interrupted
464 3461 479 3491 a
489 3458 545 3506 year
556 3441 647 3490 earlier.
685 3442 733 3490 For
743 3443 840 3492 condere
850 3439 961 3492 latalaum,
974 3451 1018 3497 seo,

76 3528 103 3574 p.
116 3514 158 3574 51,
170 3523 228 3562 note
240 3515 271 3563 2ι
290 3514 328 3561 for
338 3517 479 3576 religiosum,
490 3527 515 3572 p.
528 3509 570 3631 752,
581 3517 638 3558 acte
652 3507 672 3556 l.

519 3593 537 3632 Ρ
