2224 3862
431 248 556 320 LIB'ER
575 256 631 318 111.
946 264 1003 322 ala

65 437 159 556 nt:
166 415 1004 565 mttb'tnlttltttrllzrtlbltt

65 577 161 636 laetitia
181 579 270 635 mcdb
289 578 428 636 celebrata
447 590 507 636 est:
533 577 563 634 in
583 578 678 636 castris
699 578 804 636 animes
826 579 944 638 militum
966 581 1002 638 ad

64 657 256 714 aemulandum
267 657 353 714 decus
367 659 501 716 accendit.
540 656 605 714 Jam
619 657 754 714 Horatius
767 677 824 726 eos,
833 660 1001 717 excursioni-

65 738 108 792 bus
125 736 296 793 sufficiendo
305 735 325 804 ¹,
344 738 509 813 proeliisque
523 736 628 793 laribus
638 737 809 812 experiundo
821 740 1003 797 assuefecerat

64 816 108 872 sibi
120 816 219 891 potiris
233 817 330 882 fidere,
344 815 426 891 qnam
441 816 599 872 meminisse
608 816 774 890 ignominiae
784 818 1002 875 decemvirorum

64 895 143 952 ductu
164 907 316 971 acceptae;
336 915 473 971 parvaque
487 896 636 953 conamine
649 895 677 952 in
691 912 827 953 summam
841 897 926 954 totius
938 917 1002 973 prc-

63 975 179 1032 ieeerent
199 975 271 1050 spei.
313 974 374 1032 Nec
395 976 537 1032 cessabant
559 974 661 1042 Sabini,
688 975 792 1032 feroces
808 977 844 1032 ab
862 995 892 1032 re
911 978 1003 1052 priore

64 1072 128 1110 anuo
148 1055 225 1110 bene
243 1054 330 1128 gesta,
351 1054 484 1112 lacessere
503 1066 587 1129 atque
600 1054 710 1120 instare,
724 1055 882 1130 rogitantes,
905 1055 1003 1118 ‘Quid

2 1179 3 1218 q
64 1132 220 1190 ‘latrocinii
241 1133 326 1189 medo
345 1145 536 1209 procursantes
550 1134 631 1210 pauci
644 1145 869 1209 recurrentesque
883 1145 1005 1192 tererent
1108 1161 1109 1168 ι

2 1223 3 1228 ’
64 1218 203 1287 ‘tempus
225 1223 255 1268 et
274 1213 302 1267 in
323 1213 412 1269 multa
430 1213 533 1288 proelia
552 1231 690 1287 partaque
710 1224 853 1289 carperent
866 1231 1003 1272 summam

64 1291 163 1347 ‘unius
176 1289 268 1348 belli?
291 1291 366 1354 Quin
380 1292 420 1347 illi
433 1291 665 1368 congrederentur
676 1291 744 1359 acie,
765 1291 1005 1367 inclinandamque

2 1379 3 1394 ³
63 1369 165 1426 ‘semel
181 1370 311 1426 fortunae
324 1389 383 1426 rem
397 1369 526 1427 darenti’

2 1451 3 1518 j
96 1447 197 1506 LXII.
221 1449 271 1506 Ad
290 1449 328 1516 id,
347 1449 422 1524 qnbd
436 1450 487 1506 suis
499 1459 598 1526 sponte
610 1448 677 1506 satie
690 1448 836 1508 collectum
850 1451 1004 1508 animorum

64 1541 127 1596 crat,
148 1528 318 1603 indignitate
337 1529 421 1585 etiam
436 1528 556 1586 Romani
569 1529 796 1586 accendebantur.
838 1530 922 1588 ‘Jam
936 1531 1003 1588 aits·

2 1647 3 1660 ,
64 1615 142 1666 ‘rum
164 1607 322 1664 exercitum
335 1608 467 1666 victorem
488 1609 517 1664 in
537 1609 632 1665 urbem
660 1608 828 1676 rediturum
856 1610 908 1668 sibi
932 1610 1004 1667 ultro

64 1694 131 1764 ‘per
151 1687 336 1744 contumeliae
357 1686 466 1744 hostem
483 1687 623 1744 insultare.
663 1687 782 1750 Quando
802 1700 895 1746 ιιιιιοιιι
919 1709 959 1757 sa,
981 1689 1005 1746 si

65 1773 141 1823 ‘tam
163 1785 223 1822 non
243 1766 307 1833 sint,
328 1785 408 1842 pares
421 1766 545 1824 hostibus
558 1768 615 1823 iore
626 1764 649 1824 i’
672 1766 729 1825 Ubi
742 1766 811 1824 haec
822 1768 939 1826 fremere
952 1769 1005 1824 mi·

62 1846 135 1903 litem
156 1845 187 1901 in
205 1846 303 1902 castris
316 1845 412 1902 consul
426 1845 519 1908 sensit,
534 1845 667 1902 concione
679 1846 821 1914 advocati,
841 1854 849 1882 ‘
864 1847 1005 1910 Quemad·

63 1933 70 1959 ‘
84 1923 219 1992 modum,’
240 1925 339 2000 inquit,
361 1932 368 1958 ‘
382 1925 410 1980 in
425 1925 530 2000 Algido
547 1945 591 1981 res
604 1936 682 1998 gesta
693 1925 738 1989 sit,
752 1925 869 1981 arbitror
880 1945 938 1993 ros,
953 1927 1005 1983 rni-

65 2005 154 2075 ‘lites‚
176 2005 306 2069 aadisse;
326 2003 434 2078 qualem
454 2005 532 2062 liberi
552 2003 648 2079 populi
661 2004 813 2060 exercitum
827 2005 921 2061 decuit
934 2023 1004 2073 esse,

65 2085 145 2144 ‘talis
158 2083 223 2140 fuit.
265 2083 403 2142 Consultu
416 2083 547 2158 collegae,
561 2082 663 2138 rirtnte
677 2081 796 2138 militum
805 2082 919 2140 victoria
928 2095 1006 2158 parta

65 2173 136 2222 ‘est
178 2163 265 2226 Quod
285 2163 320 2219 ed
339 2183 384 2219 me
404 2163 512 2228 attinet,
532 2161 562 2218 id
581 2160 688 2218 consilii
708 2161 846 2234 animique
864 2160 1006 2220 habiturus

65 2251 156 2311 ‘sunu
170 2243 248 2320 quod
261 2261 311 2298 vos
324 2239 392 2298 mibi
405 2241 560 2299 effeceritis
601 2239 640 2297 Et
654 2239 724 2296 trahi
738 2239 839 2297 bellum
853 2241 1006 2311 salubriter,

65 2330 114 2379 ‘ot
136 2323 247 2379 matura
269 2321 363 2396 perfici
389 2333 489 2396 potest.
531 2319 561 2378 si
583 2319 745 2376 trahendum
767 2331 818 2385 est,
843 2339 905 2396 ego,
925 2333 958 2378 ut
977 2323 1007 2378 in

66 2410 73 2435 ‘
87 2402 145 2458 dics
159 2421 226 2476 spes
240 2401 381 2475 virtusque
395 2412 486 2457 vestra
503 2411 617 2467 crescat,
634 2399 740 2466 eadem,
755 2401 810 2475 qui
823 2399 939 2469 institui,
954 2402 1010 2460 dis·

68 2481 191 2557 ‘ciplinh
214 2479 341 2537 efficiam.
384 2479 415 2537 Si
430 2478 490 2555 jam
511 2477 577 2536 satis
598 2479 682 2536 animi
700 2491 751 2546 est,
769 2480 936 2555 decernique
951 2481 1010 2556 pla·

67 2570 139 2625 ‘cet
161 2559 315 2636 agitedum,
337 2560 493 2626 clamorem,
517 2559 626 2633 qualem
646 2557 674 2614 in
696 2559 754 2615 acie
777 2560 910 2616 sublaturi
933 2560 1008 2629 aas,

67 2639 176 2696 ‘tollite
197 2638 252 2705 hic,
273 2639 392 2695 indicem
416 2639 564 2696 voluntatis
584 2637 748 2712 virtutisque
764 2638 887 2695 restmel
928 2638 1009 2696 Post·

67 2739 146 2795 quarn
161 2717 268 2794 ingenti
282 2719 422 2779 alacritate
435 2719 538 2774 clamor
550 2729 592 2774 ost
605 2716 738 2782 sublatus,
754 2724 762 2751 ⁴
776 2718 861 2781 Quod
871 2719 1009 2776 beneven·

68 2810 127 2856 ‘tat
137 2799 159 2866 ²,
179 2809 323 2874 gestnrm
344 2797 440 2854 saillis
454 2815 567 2865 morem,
582 2807 746 2872 posteroque
759 2797 804 2853 die
818 2797 846 2852 in
859 2797 946 2854 aciem
961 2800 1009 2857 de·

68 2888 76 2912 ⁶
89 2875 260 2942 ducturum‚'
274 2876 399 2933 affirmat.
440 2876 591 2954 Reliquum
604 2876 660 2932 dici
672 2876 834 2950 apparandis
847 2877 930 2933 armis
943 2897 1010 2935 con·

67 2970 210 3034 sumptum
231 2967 283 3012 est.
323 2957 438 3013 Postero
459 2957 504 3013 die
526 2955 606 3013 simul
627 2955 724 3010 instrui
746 2956 900 3012 Romanam
921 2959 1010 3015 aciem

68 3037 163 3095 Sabini
177 3036 283 3102 ridere,
304 3035 413 3112 stipsi,
429 3034 613 3112 jampridem
634 3034 708 3090 avidi
727 3035 891 3102 certaminis,
913 3055 1010 3111 proce·

67 3118 144 3176 dunt.
187 3113 329 3172 Proelium
343 3115 405 3184 fuit,
419 3115 498 3190 quale
511 3115 583 3171 inter
595 3113 711 3170 fidentes
722 3114 831 3171 sibimet
839 3116 921 3172 ambo
931 3135 1009 3175 exer·

98 3265 105 3292 ¹
124 3263 314 3318 Excursionibua
333 3263 479 3326 sufficiendo,
496 3259 626 3322 according
644 3269 669 3308 ιο
689 3260 783 3316 Duker,
800 3263 833 3324 by
851 3263 892 3308 the
910 3260 1011 3309 soldiers

67 3331 162 3394 finding
172 3332 225 3376 that
234 3329 259 3375 in
269 3329 348 3376 sallies
357 3333 411 3392 they
420 3346 482 3376 were
494 3345 508 3375 a
519 3329 599 3374 match
608 3329 646 3376 for
657 3329 697 3374 the
708 3345 794 3390 enemy
803 3329 975 3392 ;-according
986 3341 1012 3376 ιο
1066 3324 1074 3332 ’

69 3400 160 3456 Stroth,
178 3400 212 3460 by
226 3398 266 3444 the
283 3397 380 3444 consuls
391 3397 522 3458 supplying
534 3397 597 3442 them
611 3396 667 3442 with
679 3397 853 3458 opportunitiee
864 3396 961 3455 enough
972 3395 1012 3442 for

67 3468 182 3529 'sallying-
222 3466 332 3512 Another
349 3465 529 3525 interpretation
547 3463 630 3510 makes
647 3463 666 3508 it
682 3477 760 3516 mean,
778 3464 809 3521 hy
821 3459 951 3520 supplying
963 3461 1012 3506 sol.

66 3535 131 3582 diets
142 3543 169 3580 to
181 3533 251 3579 those
258 3533 312 3579 who
323 3531 412 3578 wished
424 3541 449 3578 to
461 3529 522 3577 head
533 3529 621 3576 sullies.-
658 3528 765 3576 Duker's
772 3524 924 3587 explanation
936 3539 1012 3574 seems
1108 3539 1109 3542 ’

67 3605 106 3650 the
118 3601 182 3650 least
193 3598 285 3647 forced.
358 3595 368 3624 ²
387 3601 431 3647 See
442 3616 465 3661 p.
480 3598 521 3656 32,
533 3605 590 3644 note
601 3597 625 3644 2.
