2224 3862
103 199 161 257 eea
215 171 218 180 ’
487 189 521 253 r.
542 143 652 253 mvn

104 355 195 415 Aeta
211 355 266 433 Ajo
286 354 517 431 Locutioflrete:
538 373 592 432 quo
611 351 670 410 loco
682 361 748 409 arete
760 350 853 410 urbem
867 359 979 430 nuptm
995 371 1053 409 noa

104 433 203 492 ardua
217 442 285 502 mut,
308 443 315 468 ‘
329 432 481 490 aduentare
496 431 610 491 Gallos?
651 431 767 489 Dictum
781 439 830 499 eat,
844 432 884 487 ud
904 431 986 504 Veios
999 429 1056 487 mi-

102 513 243 590 grandum
263 532 320 569 esse
328 522 444 589 propter
465 512 601 570 incensam
616 519 641 567 et
655 509 776 566 dirutum
791 509 895 566 urbem.
931 507 985 572 LI,
1002 510 1057 568 &a

109 590 194 658 Quod
205 591 347 648 consilium
367 589 486 648 Camillo
500 599 612 648 auctore
623 588 774 645 discussum
787 596 835 645 est.
873 588 936 645 LV.
953 587 1057 646 Movit

101 667 235 748 populum
250 669 323 726 uocis
336 665 444 747 quinque
456 687 533 726 omen
547 688 580 725 ee
593 667 751 725 centurione
764 666 886 736 auditae,
896 665 955 744 qai,
967 687 1056 744 quum

105 747 136 804 in
145 749 248 823 firrum
268 747 392 813 uenisset,
413 745 607 826 manipulariis
624 747 681 804 suis
701 745 818 814 dixerat,
840 756 847 780 ‘
871 746 929 804 Sto
950 744 1055 812 mileu

106 823 152 883 iric
165 826 265 905 optime
278 825 462 883 manebimus)

253 984 276 1040 Ι.
298 984 384 1041 Pncn
397 985 461 1041 alibi
475 985 561 1059 parti,
573 983 693 1042 Romani
704 982 821 1060 Vejique
835 983 862 1040 in
874 983 960 1041 armis
975 995 1056 1040 erant

112 1068 137 1102 ¹¹·
151 1067 173 1102 ⁰·
213 1063 290 1120 tantis
302 1063 343 1119 iri
353 1064 480 1139 odioque,
489 1077 521 1120 ut
532 1063 610 1120 victis
621 1065 702 1120 finem
714 1066 809 1120 adesse
818 1077 974 1138 appareret.
999 1062 1055 1120 Co·

111 1123 169 1172 ³⁵²·
214 1143 291 1200 mitia
304 1143 447 1216 utriusque
460 1143 555 1220 populi
569 1144 650 1218 longe
660 1143 882 1199 diversimtione
895 1144 1054 1200 factasunt.

112 1222 232 1290 Romani
247 1241 349 1280 auxere
366 1223 536 1279 tribunorum
558 1223 674 1278 militum
692 1221 828 1280 consulari
847 1235 990 1297 potestate
1004 1241 1055 1278 nu·

111 1322 227 1359 merum.
268 1301 351 1368 Octo,
372 1315 440 1376 quot
463 1321 602 1377 nunqnam
626 1315 715 1367 antea,
737 1303 830 1367 creati,
851 1299 896 1356 M.
910 1300 1054 1357 Aemilius

112 1381 303 1438 Mamercinus
317 1381 427 1447 iterum,
442 1381 476 1438 L.
492 1381 619 1438 Valerius
634 1381 743 1437 Potitus
757 1381 879 1448 tertium,
894 1381 953 1456 Ap.
970 1379 1055 1437 Clau·

112 1460 174 1518 dius
183 1460 307 1525 Crassus,
319 1460 361 1517 M.
370 1461 539 1524 Quinctilius
549 1459 646 1526 Varus,
657 1460 690 1516 L.
699 1460 791 1518 iulius
800 1459 886 1526 Iulus,
897 1457 941 1515 M.
952 1458 1055 1516 Furius

114 1539 256 1606 Camillus,
280 1538 323 1595 M.
339 1539 498 1598 Postumius
514 1540 633 1597 Albinus
641 1539 659 1594 ¹.
698 1539 830 1613 Vejentes
843 1538 940 1595 eontra
961 1539 1055 1595 taedio

112 1637 219 1676 annuae
238 1619 403 1685 ambitionis,
425 1639 495 1693 quae
514 1619 652 1674 interdum
667 1618 863 1674 discordiarum
882 1637 967 1674 causa
985 1631 1054 1683 erat,

112 1717 206 1773 regem
225 1717 359 1754 creavere.
408 1699 534 1755 Offendit
552 1718 585 1754 ea
600 1717 644 1754 res
662 1699 824 1773 populorum
846 1697 975 1753 Etruriae
995 1697 1054 1753 ani·

115 1795 184 1846 mos,
206 1797 262 1834 non
283 1777 386 1854 majore
407 1777 472 1834 odio
493 1778 580 1852 regni,
607 1775 688 1852 quim
712 1777 799 1852 ipsius
822 1777 904 1851 regis.
953 1775 1055 1834 Gravis

111 1855 169 1932 jam
191 1856 214 1912 ir
237 1871 318 1913 antea
340 1857 415 1932 genti
438 1858 527 1914 iuerat
549 1856 648 1932 opibus
670 1857 860 1931 superbiaque,
889 1863 897 1889 ‘
925 1855 991 1930 quia
1012 1875 1053 1910 ιο-
1102 1853 1103 1899 i

115 1943 123 1970 ‘
137 1935 228 1993 lennia
241 1935 386 2003 ludorum,'
400 1955 469 2011 quos
487 1937 630 1993 intermitti
644 1937 725 2000 ,nefas
739 1949 790 1999 est,
812 1943 819 1970 ‘
834 1934 970 1992 violenter
983 1934 1053 1990 dire-

115 2014 261 2073 ‘misseti
292 2035 377 2090 quum
395 2018 431 2072 ob
453 2017 521 2073 iram
542 2016 675 2090 repulsae,
699 2023 707 2048 ⁸
731 2015 805 2089 qnbd
826 2013 960 2088 suffragio
985 2015 1052 2070 duo·

115 2095 229 2152 ‘decim
250 2095 414 2170 populorum
435 2096 504 2152 alius
524 2096 651 2152 sacerdos
671 2093 697 2150 ei
715 2093 852 2169 praelatus
874 2091 968 2158 esset‚'
991 2093 1052 2150 arti·

115 2173 210 2240 liees2,
231 2191 348 2248 quorum
364 2193 461 2249 magna
474 2193 536 2251 pars
550 2174 637 2249 ipsius
656 2175 728 2229 servi
748 2186 834 2238 erant,
855 2192 891 2228 ex
905 2173 1000 2230 medio
1012 2171 1051 2227 lu·
1101 2217 1102 2247 ,

115 2252 192 2310 dioro
208 2256 321 2328 repente
343 2253 467 2310 abduxit.
508 2254 586 2312 Gens
609 2254 710 2327 itaque,
732 2263 796 2308 ante
817 2269 913 2308 ornnes
934 2252 1001 2308 alias
1021 2247 1051 2307 εὸ

116 2332 203 2406 magis
216 2331 310 2386 dedita
322 2331 508 2406 religionibus,
523 2341 531 2367 ⁶
545 2333 619 2408 quod
633 2326 779 2388 excelleret
796 2346 854 2388 arta
868 2330 979 2387 colendi
992 2329 1051 2396 eas,'

118 2417 127 2442 ‘
140 2410 272 2466 auxilium
284 2409 445 2486 Vejentibns
458 2415 623 2486 negandum,
638 2412 726 2468 donee
739 2411 791 2467 sub
804 2427 868 2483 rege
882 2409 994 2478 essent,‘
1008 2410 1049 2466 de·

117 2489 212 2546 erevit.
252 2488 340 2564 Cujus
360 2489 463 2546 decreti
483 2509 628 2566 suppressa
641 2491 713 2546 lama
726 2502 768 2546 est
782 2489 857 2564 Vejis
871 2503 987 2566 propter
999 2509 1051 2546 rne-

117 2580 178 2624 tum
191 2567 282 2642 regis3
302 2568 357 2643 qui,
378 2587 463 2644 aquo
478 2571 530 2627 tale
545 2569 610 2643 quid
625 2569 729 2626 dietum
744 2569 897 2635 referretur,
919 2588 972 2644 pro
985 2567 1049 2624 sedi·

117 2647 200 2703 tionis
220 2667 284 2704 enm
305 2649 436 2724 principe,
457 2668 512 2705 non
526 2650 588 2705 vani
606 2649 738 2705 sermonis
757 2660 907 2714 auctorem,
929 2647 1049 2704 babebat

118 2725 252 2784 Romanis
273 2729 326 2783 etsi
347 2729 456 2804 quietae
480 2748 523 2784 ree
546 2747 581 2784 ex
596 2727 708 2784 Etrurii
724 2727 932 2793 nunciabantur,
954 2740 1049 2792 tamen

118 2805 183 2880 quia
196 2813 204 2840 ‘
218 2807 346 2862 omnibus
359 2807 481 2864 conciliis
495 2827 556 2866 eam
569 2827 627 2863 rem
641 2806 744 2881 agitari
758 2806 931 2873 afferebatur,
944 2807 984 2862 ita
997 2826 1049 2861 mu·

119 2885 238 2950 aiebant,
254 2897 285 2941 ut
299 2887 428 2962 ancipitia
439 2888 608 2944 munimenta
622 2898 728 2943 essent:
749 2885 837 2942 aliain
849 2887 947 2941 urbem
956 2899 1050 2942 eteon·
1099 2933 1100 2944 .

120 2977 163 3020 tra
183 2964 382 3040 oppidanorum
403 2966 560 3042 eruptiones
574 2985 667 3022 versa:
687 2964 767 3021 aliis³
784 2965 859 3020 frons
872 2965 901 3020 in
916 2964 1050 3022 Etruriam

121 3056 248 3120 spectans
262 3045 378 3113 auxiliis,
392 3045 416 3101 si
429 3065 484 3119 que
496 3046 566 3102 lorti
579 3045 643 3101 inde
658 3044 789 3111 venirent,
804 3045 1007 3101 obstruebatur.

155 3190 162 3218 ¹
183 3189 254 3252 Livy,
269 3190 294 3237 in
312 3189 428 3252 asserting
445 3192 496 3238 that
514 3191 580 3238 there
591 3207 653 3238 were
663 3191 730 3253 eight
740 3190 846 3252 military
857 3192 967 3238 tribunes
978 3190 1001 3236 in
1013 3187 1052 3235 this
1098 3211 1099 3244 y

120 3273 184 3320 year,
202 3259 223 3305 is
240 3258 346 3319 opposed
356 3269 381 3303 to
392 3258 423 3304 all
436 3260 504 3306 other
513 3259 659 3306 authorities.
697 3259 811 3320 Sigonius
822 3259 890 3305 takes
901 3273 935 3304 no
947 3258 1021 3304 notice
1030 3255 1054 3302 ol
1098 3251 1099 3295 i

120 3325 174 3382 this,
189 3328 233 3374 but
244 3341 339 3386 argues,
352 3326 402 3370 that
413 3326 459 3372 this
471 3327 586 3374 Camillus
598 3335 686 3372 cannot
697 3327 756 3372 hare
768 3328 827 3372 been
839 3327 879 3372 the
888 3334 958 3387 great
972 3322 1052 3372 Camil·

121 3393 159 3439 lus
172 3395 225 3440 who
233 3391 352 3439 delivered
366 3393 443 3438 Rome
456 3393 516 3440 lrorn
528 3395 567 3440 the
582 3389 665 3440 Gauls.
705 3392 844 3440 Perizonius
855 3392 993 3450 maiouim,
1009 3392 1051 3437 that

121 3461 216 3506 thetwo
228 3461 272 3507 last
282 3475 344 3506 were
353 3475 455 3514 censors,
468 3460 515 3506 and
528 3463 578 3508 that
591 3461 660 3522 Livy,
673 3460 772 3521 reading
783 3462 823 3508 tbe
834 3459 874 3506 old
887 3460 973 3507 annals
982 3461 1051 3507 incor-

120 3527 203 3588 rectly,
215 3529 236 3574 is
252 3527 370 3574 mistnken
387 3527 411 3572 in
430 3527 514 3588 giving
525 3528 586 3573 their
596 3543 685 3574 names.
753 3527 763 3556 ¹
781 3531 899 3593 Artfices,
911 3526 999 3588 supply
1009 3540 1051 3572 see-

121 3593 194 3649 nleos,
212 3596 313 3656 players.
384 3594 557 3650 'tinniebant
574 3595 660 3656 supply
672 3603 747 3642 cestra
757 3595 871 3644 adversus
886 3595 960 3644 Veios
970 3593 1050 3656 positar
1097 3623 1098 3645 r

118 3659 180 3716 aliis,
193 3660 280 3723 supply
292 3660 455 3717 munimentis,
468 3663 499 3723 by
510 3675 592 3710 means
603 3662 633 3710 of
640 3663 707 3711 other
720 3662 805 3712 vorke.

108 3780 119 3806 Ι,
