2230 3846
466 201 590 262 LIBER
611 203 650 262 11.
957 201 1013 260 119

73 361 214 438 (cederes
228 358 337 432 victua)
357 373 531 420 exsecrantes
544 381 617 420 nunc
629 361 830 438 imperatorem,
846 381 919 422 nunc
933 381 1015 422 nara·

71 457 122 498 tam
138 442 175 498 ab
189 441 284 516 equite
294 460 416 516 operam,
430 441 547 498 redeunt
558 442 587 498 in
600 455 697 500 castra.
739 441 799 500 Nec
811 441 874 500 lruic
885 455 940 500 taur
953 462 1014 520 pea-

72 521 158 578 tilenti
179 520 309 595 exemplo
330 521 452 577 remedia
471 521 528 578 ulle
543 520 578 578 ab
598 521 763 597 imperatore
789 522 913 628 quaesita
939 535 1012 580 aunt.

72 596 152 657 Adeb
163 599 366 656 excellentibus
376 599 492 674 ingeniis
504 600 586 656 citius
597 600 715 658 deluerit
726 599 733 632 ¹
747 620 790 657 ara
810 603 865 677 qui
873 601 960 660 civem
970 621 1013 660 re·

71 692 143 753 gant,
164 677 250 754 quiam
272 678 327 753 que
346 677 454 736 boetem
476 693 615 755 auperent.
656 679 760 738 Consul
779 643 898 738 llumant
919 682 1011 750 rediit,

70 777 121 815 uon
136 771 195 816 tam
211 757 277 814 belli
290 757 377 833 glorib
389 758 480 825 aucti,
495 757 576 834 quiam
591 758 696 816 irritato
710 761 926 835 exacerbatoque
940 762 967 818 in
982 781 1012 818 ae

169 837 291 894 militum
312 837 385 893 odio.
427 836 580 896 Obtinuere
600 849 692 894 tauron
713 838 817 908 Patres,
838 840 913 896 utin
930 840 1013 898 Fabia

72 919 93 952 ⁸·
107 918 129 954 ὓ·
169 928 255 991 geute
270 915 427 973 consulatue
441 929 571 974 maneret.
612 915 656 973 Μ.
668 916 783 974 Fabium
798 918 938 976 consulem
953 939 1012 978 cre·

72 972 126 1019 m
169 1007 236 1051 ant:
259 994 344 1052 Fabio
358 995 463 1070 collega
477 995 530 1054 Cn.
545 995 670 1052 Manlius
683 996 773 1054 datur.

107 1072 217 1132 XLIV.
240 1073 279 1130 Et
292 1073 337 1131 hic
350 1093 438 1130 annue
452 1074 592 1132 tribunum
603 1087 742 1132 auctorem
757 1075 825 1151 legia
834 1076 954 1150 agrariae
965 1076 1012 1136 ba-

5 1221 6 1224 *
72 1153 135 1209 buit
179 1153 226 1210 Ti.
249 1153 412 1210 Pontificius
433 1155 494 1212 fuit.
533 1153 571 1221 Ia,
586 1155 701 1212 eandem
717 1154 797 1222 rium,
812 1155 889 1212 velut
902 1176 1011 1232 procee-

5 1233 6 1236 ’
72 1233 147 1290 eiaeet
168 1231 220 1308 Sp.
234 1230 346 1290 Licinio
354 1231 375 1300 ²,
396 1234 542 1308 ingressus,
556 1233 695 1291 delectum
714 1233 862 1311 paullisper
876 1235 1011 1312 impediit.

5 1343 6 1346 ¹
73 1310 242 1368 Perturbatiu
256 1310 358 1368 iterum
375 1312 510 1379 Patribus,
526 1313 583 1389 Ap.
599 1313 741 1380 Claudius,
757 1313 885 1371 ‘Victum
897 1316 1011 1373 tribuni·

73 1391 158 1448 ‘cium
188 1389 375 1466 potestatem,’
393 1391 493 1458 dicere,
519 1393 631 1468 ‘priore
651 1411 740 1458 anno;
760 1391 961 1470 inpraesentia
981 1415 1011 1454 re

72 1470 157 1545 ‘ipsiu
172 1469 305 1545 exemplo
318 1470 346 1526 in
360 1483 543 1546 perpetuum:
562 1471 672 1547 quando
685 1471 827 1530 inuentum
841 1473 885 1539 eit,
900 1475 956 1530 auia
971 1475 1011 1552 ip·

5 1581 6 1584 =
72 1557 146 1606 ‘aem
161 1547 268 1604 ririlrua
282 1547 403 1606 dissolvi.
444 1550 547 1624 Neque
560 1550 632 1608 enim
648 1569 768 1626 unquam
783 1552 1011 1630 deformemque

72 1636 165 1685 ‘etex
180 1628 289 1702 collegi
303 1628 443 1686 victoriam
457 1629 519 1696 eibi,
534 1643 563 1686 et
575 1629 688 1704 gratiam
705 1629 824 1688 melioria
837 1632 922 1707 partia
938 1635 1011 1691 buno

5 1693 6 1710 ¹
73 1714 78 1739 ¹
91 1708 200 1782 publico
216 1707 282 1764 velit
296 1708 455 1782 quaesitam.
498 1709 536 1766 Et
549 1709 648 1784 plurea,
661 1709 684 1766 ai
696 1708 821 1784 pluribus
830 1730 899 1787 opua
909 1712 952 1780 uit,
963 1713 1011 1772 tri·

73 1789 176 1842 ‘bunos
190 1787 227 1844 ad
242 1788 374 1842 auxilium
390 1787 534 1844 consulum
549 1801 658 1864 paratos
678 1789 754 1845 iore:
776 1801 804 1846 et
818 1810 903 1848 unum
920 1792 961 1848 vel
975 1793 1010 1850 ad

73 1873 79 1898 ⁴
93 1885 183 1923 reraua
194 1885 293 1922 omnes
304 1866 371 1922 eatis
384 1886 452 1924 esse.
494 1866 622 1924 Dareut³
636 1863 719 1924 modo
733 1879 762 1926 et
775 1870 901 1926 consules
915 1883 943 1928 et
956 1873 1010 1948 pri·

74 1952 179 2002 ‘morea
198 1945 314 2002 Petrum
336 1965 455 2022 operam,
477 1960 516 2012 ut,
535 1946 559 2004 ai
573 1947 663 2004 mimia
677 1966 780 2013 omnen,
798 1947 904 2023 aliquoa
918 1961 1010 2008 tamen

74 2031 123 2082 ‘ex
136 2024 257 2082 tribunis
271 2024 436 2099 reipublicae
450 2045 482 2082 ac
495 2025 603 2083 senatui
617 2025 811 2082 conciliarent!
852 2028 1010 2105 Praeceptia

74 2104 153 2180 Appii
168 2103 271 2160 moniti
287 2103 391 2170 Petrea,
406 2115 435 2162 et
449 2105 567 2162 universi
581 2103 697 2162 comiter
710 2123 743 2160 ac
756 2103 875 2180 benigne
886 2105 1010 2166 tribunos

71 2185 222 2260 appellare;
243 2195 272 2240 et
292 2183 455 2252 consulares,
478 2197 509 2240 ut
522 2183 622 2259 cuique
636 2184 761 2260 privatim
780 2183 884 2259 aliquid
893 2184 964 2262 juria
977 2202 1010 2246 ut

73 2283 159 2320 reraua
180 2261 305 2337 singulos
325 2274 392 2329 erat,
412 2263 510 2338 partim
531 2263 627 2338 gratia,
648 2263 747 2338 partim
768 2265 939 2330 auctoritate,
960 2269 1009 2324 ub·

71 2342 182 2410 tinuere,
197 2355 231 2398 ut
245 2341 406 2398 tribuniciae
420 2344 564 2418 potestatis
573 2341 643 2400 vires
657 2342 779 2400 salubres
788 2344 889 2401 vellent
900 2345 1009 2422 reipub·

70 2421 131 2478 lirae
145 2441 218 2478 esee.
261 2420 442 2496 Quutuorque
456 2421 626 2478 tribunorum
641 2423 772 2480 adreraua
786 2442 871 2480 unum
889 2439 1008 2486 morato·

69 2520 120 2558 rem
136 2497 244 2576 publici
258 2500 396 2556 commodi
411 2500 514 2556 uinxiliu
527 2501 664 2558 delectum
676 2502 802 2560 consules
811 2501 920 2560 babent.
961 2505 1008 2562 ln·

69 2581 99 2636 tle
111 2581 146 2636 ad
164 2579 270 2654 Vejena
279 2577 380 2636 bellum
392 2579 524 2654 profecti;
544 2577 599 2654 qud
608 2581 729 2655 undique
740 2601 773 2638 err
786 2581 899 2640 Etruria
908 2584 1010 2643 auxilio

68 2670 261 2726 convenerant,
276 2676 330 2714 non
345 2671 400 2714 tarn
414 2657 572 2734 Vejentiuur
585 2659 825 2734 gratibconciteta,
840 2665 922 2736 quirin
934 2664 1009 2738 qued

68 2739 186 2814 inopem
203 2749 317 2794 ventum
332 2750 399 2806 eret,
413 2737 551 2796 discordia.
562 2739 692 2796 intestine
705 2739 817 2796 dissolvi
830 2759 887 2798 rem
904 2742 1008 2802 liuma-

66 2885 125 2932 diate
136 2885 258 2948 disgrace,
276 2884 316 2930 tlte
326 2886 472 2947 subsequent
483 2885 582 2948 danger,
600 2885 622 2932 ir
636 2887 675 2933 tbc
687 2886 794 2948 enemy’a
805 2902 909 2951 cuurage
921 2890 1008 2938 slrould

66 2955 146 3006 nenive,
160 2953 254 3014 arising
270 2961 295 2998 to
306 2953 345 2998 the
357 2962 424 3009 atate,
436 2953 524 3000 induce
535 2955 600 3000 them
612 2963 637 3000 to
647 2953 751 3017 quiclren
763 2955 824 3002 their
833 2971 898 3016 pace,
911 2971 1009 3007 ereren

65 3022 251 3068 aomuclraato
262 3019 332 3066 atand
343 3019 398 3066 firm
409 3021 433 3066 in
445 3021 506 3068 their
516 3021 593 3068 ranke.
666 3022 810 3088 'offuerit
841 3027 1008 3088 Astrongir'r.

65 3100 142 3136 atnnce
154 3087 184 3136 os
192 3090 234 3135 the
246 3087 353 3148 peculiar
365 3097 449 3136 nature
460 3089 489 3136 ol'
496 3090 537 3136 tlte
547 3088 662 3150 potential
673 3091 755 3138 moed.
794 3090 864 3138 Adeo
875 3107 913 3138 ara
924 3098 1008 3158 dejicit¹

66 3168 88 3203 to
98 3159 158 3203 auclt
170 3172 186 3204 a
197 3155 286 3218 degree
298 3173 346 3204 roos
357 3157 397 3202 tlte
407 3155 462 3202 akill
474 3157 599 3204 deficient:
628 3156 698 3204 Adeo
709 3173 746 3204 ars
756 3161 865 3222 defuerit,
884 3170 909 3206 tn
923 3163 981 3208 such
994 3179 1008 3209 a

66 3225 150 3288 degree
162 3228 206 3273 lraa
218 3228 236 3272 it
249 3241 301 3272 cuer
313 3227 365 3272 been
375 3227 471 3286 possible
481 3225 519 3271 lor
530 3227 570 3272 the
582 3223 637 3270 slrill
649 3234 674 3271 to
685 3227 715 3273 be
727 3225 846 3273 deficient.
900 3229 910 3257 ²
932 3232 1006 3286 Velut,

64 3294 105 3340 be.
147 3295 183 3339 Aa
201 3291 224 3337 if
238 3293 258 3338 it
273 3290 319 3337 hed
338 3293 396 3338 been
415 3292 546 3340 successful
563 3291 588 3338 in
607 3293 647 3340 tlte
664 3307 717 3340 case
728 3294 758 3340 of
773 3294 874 3354 Spurius
887 3294 1004 3343 Licinius.

67 3362 107 3407 See
128 3375 152 3407 e.
168 3359 211 3406 43.
328 3358 338 3386 ⁸
356 3359 379 3405 It
395 3375 451 3421 may
462 3361 518 3406 here
535 3361 564 3406 be
582 3359 686 3417 noticed,
704 3361 755 3406 that
771 3360 796 3405 in
815 3361 854 3406 the
870 3369 961 3419 reporta
982 3363 1012 3408 of

65 3430 185 3488 speeches,
199 3436 241 3472 not
254 3425 277 3470 in
290 3427 331 3472 the
342 3427 420 3474 worda
432 3427 461 3473 of
468 3429 509 3473 tlte
520 3427 638 3487 speakers,
656 3428 697 3473 the
708 3426 858 3489 subjunctive
869 3424 940 3469 meod
954 3440 1005 3471 cor.

66 3495 180 3555 responde
192 3503 218 3539 to
230 3495 270 3539 tltc
281 3492 426 3553 imperative,
437 3494 461 3540 in
474 3503 565 3554 reporta
575 3494 643 3540 when
655 3493 726 3555 giren
736 3493 760 3538 in
772 3491 833 3538 their
844 3503 897 3536 own
911 3491 1005 3551 ποι-(1η

67 3563 126 3619 tlnm¹
139 3559 355 3619 correcturum
367 3561 429 3622 give.
