2262 3858
454 195 577 253 LIBER
599 195 636 252 V.
964 198 1020 254 351

93 355 167 412 ‘cula
180 354 307 412 classium
321 365 513 411 externarum:
523 355 674 454 'regionum
684 353 779 412 Italiae
794 354 924 420 medium,
936 353 987 411 ad'
980 375 1020 410 rn-

14 451 16 462 ¹
91 442 272 491 ‘crementum
286 434 361 514 urbis
374 446 469 490 uatum
483 433 563 490 unice
577 434 678 490 lucum
719 434 947 508 Argumentoest
961 433 1020 511 ipsa

14 513 16 570 ἐ
89 515 264 605 ‘magnitudo
283 525 339 569 tam
363 532 450 570 norae
467 513 551 569 urbis.
592 512 814 570 Trecentesimus
834 513 1020 604 sexagesimus

14 613 16 640 1
89 594 214 666 ‘quintus
228 612 316 650 annus
330 593 413 657 urbis,
434 592 566 660 Quirites,
587 592 695 668 agitur:
716 592 788 648 inter·
804 603 845 648 tot
860 593 1020 650 veterrimos

14 677 16 724 ἴ
88 673 219 748 ‘populos
233 671 340 729 tamdiu
353 671 427 729 bella
439 672 549 746 geritis;
570 691 655 746 quum
670 671 782 737 interea,
798 671 967 746 rte-singulas
981 674 1021 728 lo·

87 759 170 826 ‘quar
182 753 275 819 urbes,
289 770 345 806 non
358 750 498 828 conjuncti
511 771 574 808 cum
591 751 698 826 Aequis
712 750 815 818 Volsci,
829 761 872 807 tot
885 763 942 807 tam
955 753 1022 809 vali·

14 863 15 868 κ
86 831 136 887 ‘da
149 831 261 906 oppida,
274 849 330 886 non
343 830 470 888 universa
484 829 603 896 Etruria,
619 843 724 887 tantum
740 830 812 887 terre
825 829 948 906 marique
962 833 1022 907 pol·

85 910 167 977 ‘lens,
186 921 271 984 atque
292 910 363 966 inter
386 909 443 966 duo
465 909 551 966 maria
570 909 742 966 latitudinem
768 909 894 967 obtinens
916 909 1042 976 ltaliae,‘

84 989 172 1047 ‘bello
185 990 264 1047 robis
284 1007 334 1063 par
353 1001 403 1046 ast.
444 988 528 1052 Quod
548 1007 634 1063 quum
654 989 693 1046 ita
709 989 753 1055 sit,
774 1007 845 1064 quaa
866 989 984 1065 (malum
996 989 1020 1064 ¹)

84 1069 170 1125 ‘ratio
184 1080 237 1136 est,
250 1068 371 1162 expertis
384 1067 437 1125 alia
449 1067 596 1144 experiri&
612 1087 697 1143 quum
706 1067 773 1145 jam,
788 1080 821 1126 ut
834 1068 921 1124 virtus
931 1081 1021 1126 restra

81 1148 216 1205 ‘transire
229 1144 283 1204 alid
296 1147 392 1223 possit,
413 1149 522 1204 fortuna
542 1149 616 1205 certe
636 1148 691 1204 loci
711 1146 793 1224 hujus
812 1147 951 1204 transferri
965 1167 1021 1204 nou

83 1228 235 1337 ‘possitP
233 1226 292 1284 ch
307 1226 474 1303 Capitolium
496 1237 547 1294 est,
568 1227 617 1284 ubi
633 1226 772 1301 quondam
790 1227 879 1302 capite
899 1224 1021 1284 humano

82 1304 235 1364 ‘iurento³
250 1325 412 1381 responsum
425 1314 501 1375 est,‘
515 1325 549 1362 eo
558 1306 620 1364 loco
634 1319 717 1381 caput
726 1325 816 1364 rerum
828 1325 1021 1381 summamque

81 1385 218 1462 “imperii
234 1383 308 1442 fore!
350 1385 416 1454 Hic,
431 1405 516 1461 quum
525 1386 658 1460 augurstb
669 1385 829 1444 liberaretur
841 1383 1020 1462 Capitolium,

80 1465 236 1524 ‘luventas
251 1463 475 1541 Terminusque⁴
493 1466 614 1522 maximo
626 1465 728 1541 gaudio
741 1479 851 1542 patrum
864 1477 1021 1522 nostrorum

81 1546 204 1602 ‘moveri
218 1564 248 1602 se
266 1564 321 1601 non
334 1547 417 1621 passi.
457 1543 516 1602 Hic
529 1545 634 1602 Vestae
653 1545 739 1620 ignes,
760 1544 805 1603 hic
825 1545 924 1602 ancilia
943 1547 1021 1602 coelo

63 1625 227 1691 ·‘demissa,
242 1622 287 1680 hlc
301 1643 396 1682 ornnes
410 1624 522 1702 propitii
535 1624 708 1682 manentibus
722 1625 799 1682 robis
813 1623 894 1681 Ι)ἰί.’

112 1702 177 1760 LV.
199 1703 325 1760 Movisse
345 1723 392 1761 eos
414 1703 547 1762 Camillus
567 1724 652 1779 quum
672 1704 726 1760 alia
745 1705 876 1792 cratippe,
898 1715 957 1760 tum
979 1724 1021 1772 ea,

77 1801 155 1856 quae,
176 1783 213 1840 ad
232 1782 377 1858 religiones
397 1783 560 1859 pertinebat,
581 1783 701 1840 maxime
725 1783 838 1841 dicitur.
878 1781 934 1840 Sed
961 1803 1020 1839 rem

76 1863 187 1920 dubiam
208 1863 329 1920 decrerit
342 1882 396 1920 vox
416 1875 571 1958 opportuna
584 1863 699 1926 emissa;
719 1863 793 1937 qubd
808 1882 893 1937 quum
908 1875 1019 1919 senatus

76 1944 136 2016 pbst
150 1942 243 2017 paullo
257 1941 292 1998 de
305 1940 347 1997 his
361 1942 463 1999 rebus
456 1961 484 1998 rn
498 1941 575 1999 curia
590 1940 734 1997 Hostilia⁵
749 1940 904 2032 haberetur,
920 1940 1017 1997 cohor-

76 2035 180 2096 tesque,
199 2041 234 2077 ex
254 2020 395 2112 praesidiis
415 2032 593 2087 revertentes,
613 2020 683 2076 forte
695 2019 804 2094 agmine
818 2022 908 2076 forum
921 2021 1019 2076 transi-

75 2115 145 2168 rent,
166 2101 290 2158 centurio
310 2101 338 2155 in
359 2100 471 2158 comitio
492 2099 672 2157 exclamarit:
696 2098 847 2174 ‘Signifer,
860 2110 950 2156 statrm
964 2099 1019 2173 sig-

76 2189 83 2213 ‘
96 2200 181 2236 num:
202 2178 248 2236 hic
258 2179 429 2236 manebimus
437 2177 559 2255 optime!
599 2177 663 2241 Qua
671 2197 739 2235 voce
747 2177 850 2247 auditis,
861 2190 889 2236 et
899 2189 1020 2244 senatus,

77 2260 223 2333 ‘accipere
243 2278 273 2315 se
293 2257 392 2325 omen,'
409 2279 444 2315 ex
458 2259 534 2316 eurici
547 2277 681 2332 egressus,
696 2258 884 2325 conclamavit,
899 2270 927 2314 et
940 2258 1018 2334 plebs

77 2339 243 2395 circumfusa
258 2337 428 2414 approbavit.
469 2335 644 2412 Antiquatia6
665 2338 764 2395 deinde
778 2338 847 2414 lege,
862 2338 1017 2415 promiscue

76 2420 141 2474 urbs
150 2417 288 2474 aedificari
296 2429 402 2491 coepta.
444 2417 550 2492 Tegula
558 2416 667 2491 publice
677 2417 799 2492 praebita
809 2429 869 2474 est:
889 2417 948 2474 saxi
959 2436 1016 2472 ma-

75 2497 214 2571 teriaeque
228 2497 383 2553 caedendae
394 2495 416 2566 ¹,
430 2499 504 2554 unde
519 2497 634 2572 quisque
645 2497 735 2564 vellet,
741 2496 788 2572 jus
797 2497 919 2563 factum3
939 2516 1017 2571 prae·

76 2576 155 2634 dibus
169 2575 299 2651 acceptis,
314 2595 347 2632 eo
361 2595 432 2632 anno
446 2576 570 2634 aedificia
583 2577 762 2653 perfecturos.
802 2574 954 2633 Festinatio
968 2596 1015 2632 cu-

75 2675 131 2712 ram
153 2655 257 2712 exemit
270 2655 346 2712 vicos
365 2656 509 2730 dirigendi,
530 2656 606 2722 dum,
627 2655 729 2712 omisso
745 2653 789 2710 sui
808 2654 944 2730 alienique
963 2655 1018 2711 dis·

75 2735 197 2800 crimine,
211 2733 239 2790 in
249 2753 335 2790 vacuo
345 2734 498 2792 aedificant.
539 2731 582 2806 Ea
592 2747 634 2791 est
643 2753 733 2800 causa,
744 2747 776 2790 ut
783 2745 890 2791 veteres
899 2734 1016 2802 cloacae,

75 2815 163 2888 prime
177 2833 227 2888 per
239 2813 378 2888 publicum
394 2815 501 2881 ductae,
516 2832 589 2870 nunc
601 2813 707 2889 privata
720 2812 821 2889 passim
835 2814 1017 2876 subeanttcc·

75 2908 119 2961 ta;
137 2894 280 2966 formaque
293 2893 367 2949 urbis
381 2893 417 2950 sit
427 2904 577 2970 occupatae
588 2893 684 2968 magis,
693 2891 775 2967 quam
787 2892 898 2962 divisae,
912 2893 1017 2950 similis.
1046 2909 1049 2914 ·

109 3041 116 3068 ¹
136 3041 159 3087 A
177 3049 240 3087 term
256 3039 384 3088 indicative
401 3041 431 3088 of
444 3039 602 3103 indignation.
678 3035 688 3063 ²
706 3040 792 3088 Either
808 3044 908 3104 experiri
920 3044 968 3089 alio
979 3059 1018 3089 ea-

74 3111 152 3170 pertir,
171 3117 197 3156 to
213 3116 251 3168 try
263 3107 344 3171 things
355 3107 466 3156 different
463 3111 545 3172 from,
558 3123 585 3154 or
596 3108 674 3156 rather
685 3113 784 3170 expertis
795 3112 894 3173 erperiri
906 3112 961 3164 alia,
979 3109 1017 3154 for

76 3179 140 3222 those
153 3177 207 3222 who
218 3176 278 3222 hare
289 3174 384 3236 already
396 3176 455 3223 tried
468 3185 493 3222 to
504 3186 551 3237 try·
619 3176 692 3224 ‘See
705 3176 727 3224 1.
741 3176 782 3225 55.
853 3177 1015 3235 ⁴Seep.‘62,

76 3255 130 3290 note
142 3245 165 3292 5.
236 3243 309 3290 ‘See
322 3245 343 3291 1.
358 3243 399 3292 30.
466 3244 574 3305 ‘Scep
589 3243 715 3300 288,note
730 3243 752 3291 l.
793 3243 873 3302 ‚⁵1t
884 3243 904 3289 is
915 3245 1017 3304 perhaps

76 3313 99 3358 in
111 3311 216 3360 allusion
228 3319 253 3358 to
264 3313 305 3358 the
315 3320 375 3358 state
387 3312 416 3359 of
426 3313 505 3360 Rome
516 3320 540 3358 at
551 3311 598 3358 this
610 3310 676 3370 time,
688 3312 739 3358 that
752 3311 849 3360 Horace
860 3309 952 3372 speaks,

245 3379 297 3427 Nec
309 3379 436 3426 fortuitum
448 3393 558 3442 spernere
569 3377 683 3439 cespitem

248 3447 327 3512 Leges
339 3448 456 3497 sinebant.
612 3445 666 3495 Car.
680 3445 706 3495 ii.
722 3445 761 3495 15.
778 3445 815 3493 17.

506 3591 611 3642 FINIS.
