2232 3862
297 255 303 265 ·
438 261 565 324 arana
586 261 625 322 ιι.
963 253 999 319 ἰι

9 357 10 390 l

9 391 11 440 l
63 423 142 492 tentia,
161 441 235 499 quae
250 424 384 482 censebat
398 424 536 482 reddenda
550 425 637 491 bona;
657 441 772 497 eamque
786 422 873 498 ipram
888 431 999 480 crsrrsarn¹

61 523 138 560 norae
147 503 176 559 in
187 503 260 563 urbe
270 502 406 560 haberent
414 504 505 579 legati,
518 500 607 578 ‘qubd
617 502 734 579 spatium
744 503 779 558 ad
789 500 913 559 vehicula
922 521 999 559 corn·

61 582 191 658 ‘munda
201 602 219 639 a
228 582 394 640 consulibus
404 583 591 659 sumpsissent,
606 582 706 658 quibus
720 601 815 656 regum
829 595 999 656 asportarent

59 670 111 718 ‘res
119 660 135 728 ;’
151 681 241 718 omne
256 661 286 718 id
297 675 407 737 tempus
418 681 481 719 cnm
492 662 640 740 conjuratis
651 661 830 718 consultando
840 663 997 726 absumunt,

9 791 10 800 ,
57 741 235 816 evincuntque
250 741 389 808 instando,
405 754 436 798 ut
453 741 548 798 literae
561 742 613 798 sibi
626 741 661 798 ad
676 740 840 814 Tarquinios
854 741 998 808 darentur;

57 829 128 876 ‘uam
143 820 229 876 aliter
244 822 294 894 qui
311 820 462 878 credituros
476 840 532 889 eos,
553 839 608 878 non
622 839 691 877 vana
704 820 738 876 ab
752 819 848 894 legatis
861 839 944 896 super
956 841 999 877 re-

56 907 61 932 ‘
72 901 117 955 bus
125 899 215 956 tantis
224 899 320 956 afferri
329 898 351 956 l’
363 898 455 957 Datae
465 900 568 966 literae,
579 913 611 957 ut
621 900 719 975 pignus
729 898 794 955 fidei
802 913 902 966 essent,
912 901 998 956 mani·

55 980 144 1034 festum
158 978 273 1035 facinus
286 979 420 1036 fecerunt.
461 978 534 1036 Nam
549 999 642 1054 quum,
662 978 750 1054 pridie
769 975 850 1052 quarn
866 977 948 1052 legati
962 981 998 1036 ad

56 1057 215 1132 Tarquinios
234 1057 457 1134 profiscerentur,
480 1071 510 1114 et
528 1071 673 1116 coenatum
695 1058 765 1114 sorte
783 1058 856 1132 apud
873 1057 999 1114 Vitellios

55 1149 123 1204 esset,
134 1136 336 1214 conjuratique
346 1136 394 1204 ibi,
406 1138 517 1194 remotis
527 1138 644 1204 arbitris,
654 1136 741 1192 multa
751 1137 823 1192 inter
833 1155 862 1192 se
873 1137 908 1192 de
918 1155 998 1204 noro,

55 1229 79 1272 ιι
90 1216 128 1283 bt,
143 1215 269 1273 consilio
283 1217 420 1291 egissent3
441 1235 596 1273 sermonem
610 1235 704 1273 eorum
719 1235 754 1272 ex
768 1215 853 1271 servis
867 1235 939 1272 unus
953 1235 1000 1272 ex·

55 1294 126 1370 cepit,
142 1295 194 1369 qui
204 1293 266 1369 jam
281 1310 363 1352 antea
376 1295 405 1352 id
418 1309 540 1352 senserat
553 1296 613 1370 agi:
634 1295 757 1351 sedeam
772 1295 953 1362 occasionem,
968 1307 999 1352 ut

55 1373 139 1430 literae
153 1373 258 1450 legatis
271 1374 411 1441 darentur,
425 1393 496 1449 quae
509 1374 695 1450 deprehensae
708 1393 767 1430 rem
778 1393 925 1448 coarguere
937 1395 1000 1451 pos-

56 1465 116 1518 sent,
135 1453 330 1529 exspectabat.
373 1453 522 1528 Postquam
537 1455 614 1511 datas
628 1453 721 1521 sensit,
743 1473 801 1510 rem
820 1455 854 1510 ad
871 1455 999 1510 consules

57 1531 157 1589 detulit.
201 1532 349 1598 Consules,
365 1532 399 1588 ad
413 1531 657 1608 deprehendendos
671 1533 775 1608 legatos
788 1533 999 1610 conjuratosque

57 1611 165 1684 proiecti
179 1611 276 1678 domo,
297 1611 357 1668 sina
377 1613 498 1668 tumultu
514 1631 571 1669 rem
586 1631 696 1669 omnem
711 1631 887 1687 oppressere:
908 1613 999 1669 litera·-

57 1709 109 1745 rnm
123 1690 152 1746 in
167 1690 268 1766 primia
282 1688 375 1747 habita
385 1710 458 1757 cura,
474 1710 508 1747 ne
519 1691 721 1748 interciderent.
751 1691 941 1748 Proditoribus
952 1712 986 1748 ex

58 1769 154 1845 templo
168 1771 198 1825 in
210 1769 322 1826 vincula
335 1769 475 1846 conjectis,
490 1770 525 1827 de
536 1770 632 1846 legatis
642 1770 792 1846 paullulum
807 1771 998 1827 addubitatum

59 1859 109 1904 est:
129 1861 158 1906 et
173 1867 332 1924 quanquam
348 1850 476 1906 visisunt
496 1851 675 1919 commisisse,
694 1861 726 1906 ut
746 1848 866 1907 hostium
881 1850 944 1908 loco
958 1871 987 1907 es

58 1939 119 1993 sent,
128 1925 179 2004 jus
192 1941 288 1985 tamen
303 1928 427 2002 gentium
442 1928 534 1985 valuit.

92 2005 125 2061 V.
148 2007 196 2066 De
209 2007 293 2063 bonis
305 2007 397 2083 regiis,
412 2027 481 2082 quae
492 2007 570 2064 reddi
583 2009 647 2064 ante
658 2021 829 2075 censuerant,
841 2027 884 2065 res
895 2009 1001 2086 integra

58 2086 169 2142 refertur
188 2085 226 2143 ad
248 2086 354 2143 Patres.
395 2085 440 2144 llll
456 2087 520 2144 victi
540 2087 581 2142 iris
598 2099 711 2143 vetuere
731 2087 818 2152 reddi,
839 2100 951 2143 vetuere
971 2087 998 2140 in

58 2163 195 2238 publicum
212 2165 310 2240 redigi.
352 2165 515 2241 Diripienda
535 2165 609 2242 plebi
629 2177 694 2221 sunt
714 2166 795 2231 data;
815 2179 856 2229 ιιι,
875 2177 1001 2223 contacta

59 2243 127 2318 regib
144 2243 258 2318 praedit,
280 2263 357 2320 spem
379 2243 592 2320 inperpetuum
613 2264 677 2301 cum
697 2243 739 2300 his
760 2244 835 2320 pacis
851 2246 1003 2302 amitteret.

59 2322 131 2396 Ager
145 2323 372 2398 Tarquiniorum,
389 2323 435 2398 qui
449 2324 521 2381 inter
534 2325 629 2381 urbem
644 2343 675 2381 ac
691 2323 814 2380 Tiberim
827 2325 889 2390 fuit,
906 2343 1001 2382 conse·

58 2414 142 2458 cratus
164 2401 264 2468 Marti,
286 2401 407 2460 Martius
428 2403 527 2460 deinde
547 2422 661 2480 campus
680 2403 741 2460 luit.
783 2403 866 2461 Forte
886 2405 922 2461 ibi
940 2417 1000 2460 tum

58 2500 131 2554 seges
143 2481 224 2538 larris
239 2481 341 2538 dicitnr
353 2481 437 2539 luisse
455 2495 564 2540 matura
577 2485 669 2540 messi.
709 2483 800 2546 Quem
822 2485 912 2559 campi
929 2485 1001 2540 fruc-

58 2572 112 2616 tum
120 2561 186 2636 quia
194 2560 354 2636 religiosum
364 2576 422 2618 erat
431 2581 592 2620 consumere
599 2561 617 2629 ²,
629 2563 768 2620 desectam
777 2583 840 2620 cum
851 2575 1003 2620 stramento

58 2651 174 2713 segetem
189 2659 292 2714 magna
306 2640 346 2696 vis
360 2640 502 2698 hominum
517 2642 597 2698 simul
612 2641 753 2698 immissa²
768 2642 896 2700 corbibus
905 2643 1001 2698 fudere

57 2716 83 2772 in
97 2717 230 2786 Tiberim,
252 2720 330 2776 tenui
350 2720 481 2778 fluentem
502 2722 581 2796 aqui,
602 2733 634 2777 ut
654 2721 752 2778 mediis
769 2723 903 2778 caloribus
922 2721 1001 2778 solet.

40 2795 43 2805 “
59 2795 139 2853 ‘Ita³
154 2799 181 2854 in
195 2798 273 2855 vadis
284 2797 443 2856 haesitantis
452 2799 583 2857 frumenti
593 2819 704 2857 acervos
715 2801 819 2857 sedisse
828 2801 911 2857 illitos
925 2801 1001 2856 limo.

58 2879 64 2904 ‘
78 2875 196 2934 insulam
212 2877 278 2934 inde
292 2877 444 2952 paullatim,
460 2891 488 2935 et
501 2879 578 2944 aliis,'
593 2878 679 2955 (quae
693 2881 745 2936 fert
759 2881 1001 2953 temerdflumen,)

58 2951 172 3012 ‘eedem
187 2957 314 3026 invectis,
328 2957 445 3015 factam!
473 2958 575 3016 Postea
584 2959 667 3016 credo
677 2959 784 3016 additas
795 2961 889 3027 moles,
905 2979 1002 3017 manu-

58 3051 106 3105 que
119 3035 257 3112 adjutum,
273 3049 305 3092 ut
319 3048 375 3092 tam
389 3037 512 3094 eminens
526 3057 597 3103 area,
619 3039 751 3113 firmaque
764 3039 876 3115 templis
890 3035 1001 3114 qudque

58 3130 87 3168 ac
99 3115 251 3189 porticibus
266 3115 433 3173 sustinendis
447 3129 528 3174 esset.
570 3117 695 3193 Direptis
709 3117 788 3174 bonis
801 3138 907 3194 regum,
923 3119 1000 3176 dam·

89 3269 95 3297 ’
113 3276 197 3329 Quem,
208 3274 254 3320 bro.
284 3275 319 3322 As
330 3276 350 3322 it
361 3291 409 3322 was
420 3274 560 3323 considered
572 3275 726 3339 saerilegious
738 3284 763 3322 to
775 3276 879 3338 employ,
892 3279 918 3325 in
931 3291 999 3323 secu·

60 3335 90 3382 lar
100 3354 225 3402 purposes,
239 3341 287 3389 this
299 3359 355 3402 crop
368 3344 396 3391 of
410 3346 450 3390 the
467 3343 532 3389 field.
602 3344 611 3372 ¹
628 3348 748 3398 Immissa,
761 3345 876 3406 agreeing
888 3345 943 3388 with
956 3349 998 3390 er's.

59 3406 134 3470 lleing
145 3420 200 3455 sent
212 3409 265 3456 into
277 3411 316 3457 the
331 3412 437 3472 Campus
450 3409 562 3458 Martius.
602 3411 711 3472 Doering
723 3410 804 3456 thinks
818 3413 868 3456 that
885 3409 903 3454 it
918 3423 1001 3467 agrees

57 3475 130 3521 rather
141 3475 200 3522 with
211 3479 301 3540 celetem
313 3489 335 3526 et
346 3489 510 3527 strumentum.
543 3471 546 3506 2
592 3476 601 3504 ¹
620 3477 658 3538 By
669 3477 766 3538 passing
784 3479 839 3522 thus
850 3474 961 3532 abruptly
974 3483 998 3518 to

57 3540 91 3585 tlte
102 3541 207 3590 indirect
219 3543 291 3591 mode
301 3546 331 3590 ol'
338 3545 461 3608 narrating
472 3546 512 3591 the
525 3543 653 3590 formation
665 3544 694 3589 of
707 3545 746 3588 the
758 3541 843 3596 island,
864 3539 923 3598 Livy
937 3538 1000 3584 indi-

56 3618 116 3656 cates
127 3611 165 3658 his
177 3609 356 3660 disinclihatiou
368 3621 394 3660 to
406 3612 444 3675 lay
457 3611 530 3660 much
542 3620 613 3657 stress
624 3625 655 3657 on
668 3611 707 3656 the
719 3610 784 3655 truth
797 3607 826 3652 of
840 3607 879 3651 the
889 3615 1005 3653 accirent.=

413 3679 560 3736 ‚o2

1054 3753 1085 3776 A
