2224 3862
450 181 573 246 LIBER
595 186 631 244 V.
955 187 1012 244 297

80 351 212 402 ‘nostram
225 344 350 402 iacimus.
390 342 503 419 Loquor
516 345 551 402 de
565 363 657 420 opere,
668 355 697 402 et
707 346 742 404 de
751 345 884 422 temporis
893 343 1011 421 jactura.

77 425 190 488 ‘Qnidi
211 425 337 501 periculi,
346 424 420 499 quod
431 424 584 482 differendo
597 425 668 482 bello
678 425 795 492 adimus,
807 445 872 482 num
888 425 1012 482 oblivisci

11 555 12 567 ,
77 511 141 560 ‘nos
160 503 230 564 haec
246 516 303 560 tam
325 501 419 562 erebra
435 502 562 562 Etruriae
580 504 695 562 concilia
714 504 749 560 de
770 505 911 562 mittendis
927 501 1013 580 Vajos

10 593 14 644 l
76 583 198 640 ‘auxiliis
212 583 381 660 patiuntur?
404 583 444 642 Ut
463 603 536 640 nunc
550 603 594 640 res
607 603 637 640 se
654 582 746 647 habet,
767 583 828 642 irati
849 597 922 652 sunt,
944 585 1015 642 ods⁴

10 661 11 740 l
76 670 164 730 ‘runt
177 674 284 736 negant
297 662 447 720 missuros:
469 675 601 738 quantum
623 662 651 718 in
672 662 724 718 illis
744 675 795 728 est,
817 681 914 738 capere
926 662 1013 739 Vejris

9 741 11 816 J
74 741 162 798 ‘licet
181 779 188 788 ·
204 741 276 805 Quis
289 755 340 807 est,
355 741 401 816 qui
415 743 558 816 spondeat,
572 743 701 806 eundem,
722 741 745 798 si
759 741 885 800 differtur
899 741 1011 810 bellurn,

9 861 12 895 ,
73 820 213 878 ‘animum
229 833 326 896 postea
338 821 421 878 fore?
442 841 537 895 quum,
551 821 574 876 si
589 821 775 878 laxamentum
789 822 906 888 dederis,
922 821 1012 898 major

73 899 315 975 ‘frequentiorque
328 901 428 975 legatio
440 901 511 958 itura
524 901 576 956 sit:
597 921 681 977 quum
697 900 734 965 id,
747 901 823 974 quod
837 919 911 958 nunc
924 901 1012 958 offen·

7 903 12 1124 Ι
73 979 129 1036 ‘dit
143 979 291 1047 Etruscos,
313 999 360 1036 rex
383 993 491 1038 creatus
508 979 591 1056 Vejis‚
614 980 703 1055 spatio
724 979 888 1054 interposito
910 981 1012 1040 mutari

72 1059 185 1132 ‘possit
208 1059 252 1116 vel
276 1077 412 1116 consensu
428 1058 557 1124 civitatis,
578 1072 610 1116 ut
631 1079 665 1116 eo
688 1059 866 1116 reconcilient
882 1057 1010 1116 Etruriae

71 1137 205 1204 ‘animoa
220 1137 264 1194 vel
278 1139 365 1213 ipsius
378 1139 517 1195 voluntate
528 1137 609 1212 regis,
621 1139 669 1212 qui
679 1139 787 1194 obstare
800 1157 914 1212 regnum
927 1157 1009 1194 suurn

7 1201 9 1274 l
71 1217 170 1274 ‘saluti
192 1217 296 1274 civium
320 1217 397 1274 nolit.
438 1217 547 1283 Videte,
567 1231 635 1291 quot
653 1237 705 1284 res,
723 1216 804 1291 quim
826 1217 946 1283 inutiles,
967 1236 1013 1274 se·

7 1333 8 1346 ³
70 1301 211 1370 ‘quantur
231 1297 306 1354 illam
327 1297 398 1354 riam
416 1298 542 1354 consilii:
562 1295 673 1371 jactura
691 1315 805 1371 operum
823 1309 900 1354 tanto
918 1296 1012 1354 labore

69 1375 234 1442 ‘lectorum
256 1377 371 1433 vastatio
391 1377 537 1434 imminens
558 1377 652 1432 linium
674 1389 838 1442 nostrorum,
861 1376 1011 1434 Etruscum

69 1455 190 1514 ‘bellum
206 1474 257 1529 pro
272 1454 390 1532 Vejente
404 1456 581 1513 concitatum.
623 1455 704 1512 Haec
717 1468 790 1524 sunt,
811 1455 923 1523 tribuni,
943 1475 1009 1514 con·

7 1553 8 1556 ¹
69 1534 147 1592 ‘silia
161 1549 262 1596 vostra.
284 1553 348 1602 uon,
368 1533 489 1602 hercule,
510 1535 660 1603 dissimilia,
681 1554 713 1592 nc
727 1536 750 1590 si
764 1535 825 1609 quis
837 1555 929 1611 aegro,
951 1534 1009 1609 qui,

69 1615 178 1672 ‘curari
192 1633 224 1670 se
237 1614 344 1672 fortiter
356 1633 461 1689 passus,
481 1615 622 1690 extemplo
640 1614 829 1678 convalescere
843 1615 938 1690 possit,
953 1613 1015 1672 cibi·

69 1697 75 1724 ‘
87 1694 176 1765 pretii
189 1694 341 1769 praesentis
353 1707 402 1750 eut
416 1693 535 1770 potionis
549 1694 727 1770 longinquum
737 1706 766 1752 et
778 1694 890 1752 forsitan
901 1695 1015 1752 insane-¹

69 1770 172 1830 ‘bilem
188 1773 314 1830 morbum
329 1772 438 1832 efficiat.
716 1821 718 1830 s

102 1851 157 1908 VI.
178 1858 186 1886 ¹
203 1851 243 1916 si,
258 1872 302 1910 me
316 1851 390 1912 Dius
406 1852 499 1910 Fidius
508 1851 525 1919 ¹,
539 1851 575 1908 ad
588 1849 642 1908 hoc
655 1853 756 1910 bellum
770 1851 837 1908 nihil
849 1851 1007 1927 pertineret,

68 1931 120 1988 ‘sd
135 1929 308 2006 disciplinam
323 1934 397 1990 certe
412 1931 523 1988 militiae
537 1930 686 2006 plurimum
701 1933 839 1996 intererat,
854 1932 1008 1986 insuescere

67 2010 205 2068 ‘militem
220 2024 353 2077 nostrum,
368 2031 422 2068 non
437 2012 524 2068 solitar
539 2010 633 2085 parati
644 2009 758 2068 victorii
770 2008 842 2066 fruit
862 2009 920 2074 sed,
930 2005 954 2064 ei
964 2025 1008 2064 res

66 2091 168 2148 ‘etiam
185 2089 285 2148 lentior
297 2091 341 2158 sit,
357 2091 413 2164 pati
426 2091 557 2156 taedium,
572 2103 600 2146 et
613 2090 737 2163 quemvis
751 2107 826 2146 seraa
835 2087 893 2163 spei
902 2085 1006 2142 exitum

66 2169 266 2246 ‘exspectem
285 2182 322 2236 et,
336 2171 360 2228 si
373 2189 428 2226 non
442 2169 478 2226 sit
491 2181 594 2228 aestate
604 2169 755 2245 perfectum
765 2167 877 2234 bellurn,
888 2163 1007 2222 hiemem

65 2249 72 2274 ⁴
85 2249 223 2326 opperiri;
244 2269 304 2316 nec,
325 2251 398 2306 sicut
416 2249 533 2306 aestivas
550 2268 623 2316 aves,
637 2251 730 2305 statim
744 2259 878 2306 autumno
891 2257 964 2302 tecta
976 2262 1009 2302 ac

66 2329 227 2387 ‘recessum
242 2329 460 2405 circumspicere.
500 2329 624 2390 Obsecro
638 2347 696 2395 vos,
708 2327 824 2384 venandi
838 2325 961 2382 studium
975 2343 1008 2382 sc

67 2407 215 2485 ‘voluptas
236 2407 360 2466 homines
381 2427 430 2483 per
449 2407 526 2466 nives
539 2429 572 2466 ec
584 2409 694 2484 pruinas
708 2408 735 2464 in
751 2420 858 2464 montes
871 2405 1008 2478 silvasque

67 2489 178 2564 ‘rupit3
199 2489 263 2546 belli
277 2488 485 2546 necessitatibus
498 2508 558 2546 eam
573 2488 731 2564 patientiam
743 2505 798 2544 non
808 2484 1007 2548 adhibebimus,

66 2566 170 2642 ‘quam
184 2568 230 2643 pel
243 2568 319 2626 lusus
332 2588 365 2625 ac
380 2568 504 2643 voluptas
524 2568 623 2624 elicere
644 2567 735 2623 solet?
765 2565 883 2622 Adebne
902 2561 1008 2620 effemi-

66 2647 152 2704 ‘uata
166 2667 281 2724 corpore
295 2647 412 2704 militnm
426 2660 581 2704 nostrornm
595 2666 655 2704 esse
669 2659 807 2721 putamus,
821 2642 891 2700 adab
911 2641 1008 2698 molles

66 2725 205 2792 ‘animoa
220 2741 251 2784 ut
264 2725 383 2784 hiemem
397 2745 479 2783 nnam
495 2726 593 2782 durare
606 2726 633 2782 in
649 2723 752 2789 castris,
767 2725 863 2780 abesse
876 2722 910 2778 ab
924 2721 1009 2778 ‹lomo

67 2805 74 2832 ‘
87 2822 142 2862 nou
154 2805 286 2881 possint?
307 2819 347 2872 ut,
358 2819 487 2880 tanquam
498 2805 594 2862 navale
605 2803 717 2870 bellum,
727 2802 936 2878 tempestatibus
944 2819 1008 2876 cap·

67 2885 73 2910 ‘
87 2887 180 2944 tundis
200 2899 229 2943 et
243 2886 413 2943 observando
426 2899 550 2959 ternpore
563 2885 636 2948 enni,
650 2895 754 2958 gerant,
769 2901 823 2938 non
837 2894 938 2946 aestus,
953 2898 1008 2936 non

67 2964 190 3040 ‘frigora
211 2966 265 3042 pati
287 2965 414 3042 possint?
438 2965 608 3020 Erubescant
621 2963 753 3039 profeetb,
774 2962 797 3016 si
811 2961 873 3035 quis
887 2961 926 3016 eis
940 2957 1009 3016 haec

67 3043 218 3122 ‘objiciatt
238 3045 468 3119 contendantque,
491 3055 519 3100 et
540 3043 637 3100 animis
654 3055 682 3098 et
699 3041 858 3116 corporibus
874 3040 931 3096 suis
945 3037 1009 3094 riri·

67 3123 75 3150 ‘
88 3123 141 3180 lem
157 3125 318 3200 patientiam
333 3124 430 3190 inesse,
446 3136 474 3179 et
487 3143 517 3178 se
525 3121 608 3198 juxta
621 3121 712 3178 hieme
725 3134 807 3194 atque
821 3131 924 3176 aestate
938 3116 1010 3173 belle

67 3203 74 3229 ‘
87 3221 183 3278 gerere
197 3223 297 3280 posse:
318 3223 370 3260 nec
383 3223 412 3259 se
422 3203 603 3279 patrocinium
616 3200 745 3257 mollitiae
756 3199 923 3271 inertiaeque
932 3207 1009 3252 mah·

68 3283 169 3341 ‘dissse
183 3284 308 3349 tribunis,
323 3295 351 3340 et
365 3283 530 3347 meminisse,
545 3281 616 3337 hanc
629 3281 714 3355 ipsam
729 3289 894 3355 potestatem
910 3290 964 3330 non
978 3274 1007 3330 in

68 3363 188 3419 ‘umbra
204 3383 256 3422 nec
276 3363 304 3418 in
321 3363 402 3419 tectis
419 3360 535 3436 majores
555 3379 619 3416 suos
633 3359 738 3415 creasse
749 3357 770 3413 ².
812 3355 891 3410 Haec
906 3353 1007 3406 virtute

98 3477 104 3505 ¹
125 3477 172 3525 See
188 3491 213 3536 p·
229 3474 284 3531 lot,
296 3484 354 3522 note
365 3472 390 3521 4.
465 3469 474 3496 ¹
494 3471 615 3535 Alluding
631 3481 657 3519 to
674 3472 714 3518 the
732 3467 849 3516 secession
860 3465 890 3512 of
903 3464 944 3510 the
955 3462 1007 3525 ple·

67 3545 148 3594 beians
157 3553 183 3591 to
196 3544 271 3592 Mons
284 3544 363 3599 Sacer,
377 3541 415 3590 11.
428 3541 470 3598 32,
483 3540 524 3589 33.

1017 3687 1103 3802 Ε
