2262 3858
472 208 595 268 LIBER
616 208 652 265 V.
966 209 1023 267 343

80 363 207 432 caritatis,
219 384 315 440 quum,
326 385 356 424 se
371 365 489 442 quisque
500 368 575 426 victu
588 387 639 424 suo
652 367 787 436 frantiam,
799 367 951 425 detractam
963 386 1022 424 cor·

78 445 140 521 pori
153 459 236 519 etque
250 445 345 502 usibus
357 447 516 504 necessariis
527 448 561 504 ad
570 445 701 505 honorem
715 449 798 504 unius
811 448 861 503 viri
875 447 1019 505 conferret.

79 523 155 581 Tum
169 523 267 598 vigiles
280 523 340 600 ejus
353 525 414 592 loci,
435 527 490 600 quir
503 527 633 584 fefellerat
646 527 795 584 ascendens
809 525 904 592 boetis,
925 525 1018 583 citati:
1107 583 1110 590 ,

7 647 8 652 ¹
78 617 108 664 et
122 623 207 680 quum
223 612 230 636 ‘
246 603 273 658 in
285 623 379 660 omnes
391 624 464 662 more
475 605 584 662 militari
595 626 624 662 se
636 605 895 663 animadversurum'
907 605 943 668 Q.
955 605 1018 663 Sul·

7 691 8 708 ¹
77 683 166 758 picius
181 681 309 757 tribunus
324 683 440 754 militum
456 685 684 760 pronuncirisaet·,
698 685 886 742 consentiente
900 685 1018 742 clamore

77 763 207 828 militnm,
222 761 250 817 in
265 781 350 818 unum
362 763 469 838 vigilem
485 763 689 842 conjicientium
705 764 821 840 culpam,
836 764 1019 830 deterritum

77 842 178 898 ceteris
192 841 342 898 abstinuit:
363 861 439 898 reum
451 842 524 900 baud
536 843 650 900 dubium
665 842 724 918 ejus
737 862 833 910 noxae,
845 843 1018 918 approbanti·

77 920 131 976 bus
145 920 263 985 cunctis,
276 921 310 977 de
324 940 390 978 saxo
404 919 505 996 dejecit
514 925 530 977 ¹.
569 922 639 978 Inde
650 922 810 980 intentiores
819 923 946 997 utrinque
957 941 1018 978 cus·

77 999 171 1056 todiae
185 1019 265 1064 esse;
285 1011 314 1056 et
326 1000 398 1075 apud
408 999 512 1068 Gallos,
527 1001 591 1076 quia
600 1001 738 1076 vulgatum
751 1013 817 1070 erat,
831 1008 839 1035 ‘
853 1001 924 1058 iuter
935 999 1019 1077 Vejos

79 1087 86 1112 ‘
101 1079 279 1152 Romamque
293 1079 406 1136 nuncios
418 1099 570 1138 commeare
580 1079 595 1147 ;’
615 1093 644 1137 et
657 1082 730 1157 apud
740 1081 888 1149 Romanos,
903 1079 938 1137 ab
952 1099 1017 1137 noc·

65 1159 152 1224 ‚turni
167 1157 282 1232 periculi
298 1159 454 1214 memoria..

116 1235 259 1294 XLVIII.
291 1236 346 1294 Sed
363 1250 426 1294 ante
445 1239 536 1295 omnia
556 1238 704 1295 obsidionis
718 1239 835 1314 bellique
850 1238 920 1294 male
933 1237 1019 1294 sames

79 1316 211 1390 utrinque
226 1316 377 1372 exercitum
392 1317 544 1392 urguebat:
566 1317 661 1376 Gallos
672 1317 926 1394 pestilentiuetiam‚
936 1335 1020 1391 quum

78 1397 140 1452 loco
150 1395 263 1472 jacente
277 1395 347 1452 inter
361 1397 480 1453 tumulos
498 1410 586 1454 castra
603 1395 742 1464 habentes,
763 1409 821 1454 tum
836 1399 870 1454 ab
886 1394 1019 1452 incendiis

79 1475 186 1532 torrido
200 1486 228 1530 et
243 1474 348 1550 vaporis
362 1475 452 1550 pleno,
466 1474 648 1551 cineremque,
663 1497 716 1533 non
731 1477 869 1553 pulverem
880 1471 971 1543 modo,
981 1475 1020 1532 fe·

78 1567 168 1622 rente,
183 1573 269 1628 quum
283 1553 350 1628 quid
363 1555 438 1611 venti
450 1567 555 1612 motum
570 1569 650 1613 esset.
691 1555 817 1620 Quorum
838 1556 1020 1613 intolerantis-

78 1634 148 1690 sima
162 1653 239 1708 gens,
261 1633 423 1709 humorique
444 1654 476 1691 ac
495 1635 588 1711 frigori
603 1648 720 1702 assueta,
742 1655 826 1710 quum
841 1647 918 1693 aestu
932 1647 960 1691 et
974 1649 1021 1692 ana

78 1733 144 1788 gere
159 1725 266 1778 vexata,
287 1711 405 1787 vulgatis
419 1713 492 1770 velut
506 1714 532 1770 in
547 1735 638 1790 pecua
648 1714 757 1782 morbis,
779 1729 947 1779 moreretur;
962 1713 1022 1789 jam

79 1791 192 1868 pigritiei
205 1791 327 1866 singulos
341 1792 489 1867 sepeliendi
509 1793 664 1868 promiscue
682 1807 821 1852 acervatos
835 1795 959 1858 cumulos
974 1793 1022 1850 bo-

79 1873 188 1928 minum
202 1873 335 1927 urebant:
356 1872 551 1947 bustorumque
562 1873 626 1929 inde
636 1873 803 1930 Gallicorum
815 1873 925 1930 nomine
939 1872 1022 1947 insig-

80 1971 144 2008 nem
159 1951 251 2006 locum
267 1950 363 2006 fecere.
404 1951 535 2008 lnduoiae
549 1951 648 2007 deinde
663 1971 724 2008 cum
741 1952 873 2008 Romanis
887 1952 1023 2016 lacteaet
1122 1983 1123 1996 ι

80 2029 219 2104 colloquia
232 2028 366 2103 permissu
377 2029 570 2105 imperatorum
582 2028 689 2086 habita:
704 2029 839 2105 inquibus
850 2049 933 2104 quum
946 2030 1022 2086 iden·

79 2109 169 2166 tidem
181 2107 255 2166 Galli
269 2108 367 2164 famem
377 2108 534 2184 objicerent,
544 2109 629 2184 eique
639 2109 801 2166 necessitate
811 2110 846 2165 ad
855 2109 1023 2165 deditionem

46 2237 49 2241 .
80 2200 223 2253 vocarent,
245 2186 344 2243 dicitur
357 2191 520 2245 avertendae
534 2188 593 2264 ejus
607 2187 741 2264 opinionis
755 2189 837 2245 causis
850 2187 943 2244 multis
957 2187 1024 2245 locis
1122 2213 1123 2224 ³

80 2267 161 2344 panis
182 2266 217 2322 de
232 2265 368 2341 Capitolio
382 2266 503 2343 jactatus
523 2287 582 2324 esse
602 2268 629 2323 iu
647 2265 766 2324 hostium
788 2268 927 2325 stationes.
969 2267 1025 2324 Sed

75 2347 135 2422 y'arn
149 2364 241 2419 neque
255 2345 427 2412 dissimulari,
449 2366 537 2421 neque
551 2347 614 2403 ferri
627 2345 796 2404 ultritIames
810 2359 926 2421 poteret.
967 2345 1023 2404 Ita·
1122 2381 1123 2384 =

81 2445 146 2501 que,
161 2425 228 2480 dum
243 2425 360 2480 dictator
373 2424 510 2482 delectum
525 2446 617 2502 perse
632 2426 743 2484 Ardeae
757 2425 847 2493 babet,
863 2427 1023 2502 magistrum

79 2505 209 2580 equitum
221 2503 254 2559 L.
267 2502 406 2560 Valerium
421 2503 522 2580 aVejie
533 2506 668 2563 abducere
679 2505 829 2564 exercitum
839 2505 927 2581 jubet,
939 2519 1025 2582 parat,
1122 2575 1123 2586 χ

80 2583 258 2657 instruitque,
270 2582 368 2657 quibus
383 2582 455 2639 baud
469 2585 556 2660 impar
569 2586 707 2642 adoriatur
720 2584 829 2642 hostes:
850 2585 958 2641 interim
972 2585 1025 2643 Ca-

81 2662 216 2738 pitolinus
230 2662 375 2727 exercitus,
390 2663 551 2720 stationibus
566 2665 718 2740 vigiliisque
732 2665 828 2730 fessus,
842 2665 975 2740 superatis
987 2678 1026 2722 ta·
1122 2697 1123 2708 .

80 2763 148 2800 men
162 2739 288 2798 humanis
302 2743 428 2798 omnibus
443 2743 528 2810 malis,
539 2762 623 2818 quum
635 2745 734 2800 famem
747 2763 829 2800 unam
841 2757 938 2800 natura
954 2745 1026 2803 vinci

82 2841 139 2878 non
155 2820 264 2888 sineret,
280 2819 352 2877 diem
364 2822 398 2878 de
412 2821 457 2878 die
468 2835 652 2897 prospectans,
664 2815 771 2896 ecquod
781 2822 912 2879 auxilium
924 2825 958 2880 ab
969 2825 1026 2882 ‹lio-

81 2914 173 2958 tatore
187 2901 347 2975 apparerel;
368 2902 507 2977 postremb
521 2920 570 2976 spe
585 2902 693 2977 qanue
702 2901 770 2977 jam,
784 2919 839 2958 non
853 2902 941 2958 solim
956 2905 1027 2974 cibo,

118 3012 125 3042 ¹
146 3018 153 3042 ‘
174 3013 225 3062 'l'he
245 3014 351 3060 Romans
368 3012 486 3060 extended
504 3013 569 3068 their¹
581 3011 683 3061 rensrds
695 3012 741 3060 aud
753 3013 920 3074 punishments
932 3027 989 3062 even
1002 3025 1027 3062 to
1122 3023 1123 3026 ’

85 3080 147 3128 ‘the
163 3095 234 3142 geese
251 3079 298 3131 and
317 3080 391 3142 dogs:
411 3083 451 3128 the
469 3081 558 3128 former
571 3097 631 3129 were
646 3097 700 3128 ever
717 3081 778 3128 aiter
794 3079 850 3128 held
862 3081 886 3128 in
899 3083 992 3130 honour
1003 3091 1028 3130 at

84 3155 91 3178 ⁴
107 3150 196 3206 Rome,
214 3147 262 3194 and
280 3163 293 3194 a
305 3147 367 3195 flock
379 3148 408 3194 of
423 3151 487 3196 them
500 3164 548 3196 was
565 3148 655 3210 always
666 3148 723 3210 kept
734 3159 759 3197 at
771 3149 810 3196 the
822 3149 904 3209 public
916 3165 1025 3211 expense.

85 3223 92 3245 ¹
107 3220 131 3264 Α
150 3215 240 3278 golden
257 3215 336 3277 image
348 3216 376 3264 of
390 3229 487 3279 agnose
500 3232 547 3263 was
558 3226 594 3264 set
605 3233 638 3278 up
650 3217 675 3263 in
688 3231 794 3278 memory
805 3217 834 3263 of
848 3217 909 3264 tbcir
921 3219 1026 3276 service;

55 3331 58 3337 ,
80 3290 92 3326 >¹
104 3283 153 3332 and
172 3299 187 3329 a
203 3298 276 3346 goose
289 3294 336 3331 was
348 3298 417 3346 every
434 3299 491 3345 year
507 3277 598 3332 carried
615 3299 646 3331 on
660 3301 673 3332 a
685 3284 732 3331 soit
743 3284 806 3332 litter
817 3281 890 3346 finely
902 3285 1006 3332 adorned
1019 3302 1026 3345 3

85 3357 92 3380 ⁸
106 3351 178 3398 while
191 3352 263 3398 mose
276 3349 351 3399 durnb
363 3351 461 3414 guards,
480 3353 520 3398 the
531 3351 600 3414 dogs,
611 3368 674 3400 were
685 3352 740 3399 held
753 3352 778 3400 in
790 3352 936 3399 abhorrence
946 3355 977 3413 by
990 3355 1030 3399 the

84 3424 92 3448 ⁴
108 3417 226 3477 Romans,
238 3419 292 3466 who
309 3432 380 3482 every
397 3431 453 3480 year
471 3417 574 3480 impalcd
586 3433 632 3468 one
644 3419 672 3468 of
686 3419 750 3468 them
764 3419 823 3468 alive
835 3431 865 3466 on
878 3431 893 3465 a
904 3417 992 3466 bronch
1005 3418 1033 3468 ol

83 3485 189 3536 ‘eldea'
228 3483 303 3534 Notas
315 3494 339 3534 to
355 3483 450 3535 Hooke.
