2230 3846
101 200 157 260 lto
488 196 527 256 T,
543 195 646 254 LlVII

97 371 157 415 tum
169 369 185 425 ²,
199 355 323 414 accidere
336 354 436 432 potnit.
475 353 573 430 Itaque
587 365 679 411 tantus
692 371 786 430 paror,
799 365 876 413 tanta
889 355 1055 433 trepidatio·

97 437 157 502 fuit,
173 447 284 511 quanta,
304 435 326 490 si
347 435 452 499 urbem,
466 453 520 490 non
535 444 631 500 cestra,
646 431 739 489 hostes
753 431 920 492 obsiderent.
962 434 1044 494 Nau-

97 516 168 573 tium
182 514 322 572 consulem
343 525 492 570 arcessunt.
533 513 566 569 ln
580 531 635 586 quo
645 531 730 586 quum
745 530 841 587 parum
855 513 987 589 praesidii
999 515 1044 570 ri·

98 595 216 660 daretur,
238 593 455 666 dictatoremque
475 591 530 648 dici
549 591 677 667 placeret,
694 590 812 664 quirem
827 594 1046 667 perculsamrc·

97 673 231 740 stitueret,
241 669 276 726 L.
285 671 432 735 Quinctius
447 669 627 729 Cincinnatus
641 688 776 726 consensu
790 670 914 728 omnium
924 671 1047 728 dicitur.

98 751 207 827 Operae
227 751 346 827 pretium
367 761 409 806 est
422 750 525 816 audire,
540 749 607 824 qui²
621 748 714 806 omnia
726 767 791 825 prae
803 749 908 818 diuitiis
919 749 1046 808 humana

99 841 240 907 spernunt,
257 847 347 903 neque
368 827 465 885 honori
485 847 584 904 magno
604 827 705 894 locum,
719 847 808 902 neque
822 825 926 892 virtuti,
938 841 1047 908 putant

98 929 167 976 esse,
181 908 235 964 nisi
248 908 295 964 ubi
309 907 395 964 effuse
408 908 521 964 affluant
535 927 609 983 opes.
651 905 721 983 Spes
731 908 812 964 unica
822 907 929 983 imperii
943 909 1045 984 populi

98 987 226 1053 Romani,
247 985 282 1042 L.
301 985 457 1053 Quinctius,
471 998 545 1042 trans
559 985 692 1052 Tiberim,
706 999 877 1044 contraeunt
892 986 985 1062 ipsum
999 987 1049 1044 lo·-

98 1087 171 1135 cum,
185 1065 234 1122 ubi
247 1085 321 1122 nuuc
334 1065 439 1123 navalia
451 1077 523 1134 sunt,
538 1077 656 1140 quatuor
665 1063 795 1139 jugerum
810 1065 917 1122 colebat
930 1085 1044 1140 agrum,

98 1165 168 1220 quae
178 1156 256 1222 prata
269 1144 402 1208 Quinctia
414 1156 555 1202 vocantur.
594 1143 639 1201 lbi
651 1142 686 1200 ab
700 1143 805 1218 legatis,
819 1163 868 1201 seu
881 1144 984 1201 fossam
997 1145 1044 1202 fo-

98 1225 175 1282 diens
191 1225 268 1300 palae
289 1223 403 1292 innisus,
423 1243 473 1281 seu
486 1243 571 1298 quum
592 1233 698 1287 araret;
718 1222 795 1298 operi
814 1225 897 1290 certe,
918 1221 947 1280 id
962 1225 1043 1298 quud

97 1315 213 1370 constat,
233 1302 334 1378 agresti
352 1303 490 1370 intentus;
517 1303 604 1360 salute
624 1300 690 1358 dau
708 1301 737 1356 in
755 1301 843 1358 vicem
863 1301 1042 1378 redditisque,

97 1393 217 1457 rogatus,
240 1389 248 1416 ‘
263 1393 301 1448 ut,
323 1383 398 1456 qnod
417 1383 487 1438 bana
501 1392 619 1439 verteret
638 1379 691 1456 ipsi
704 1379 797 1454 reique
811 1381 945 1456 publicae,
960 1393 1044 1456 toga·

100 1469 107 1494 ¹
122 1473 166 1518 tus
180 1460 307 1516 mandata
315 1459 429 1517 senatis
438 1459 563 1526 audiret,'
570 1461 728 1526 admiratus,
736 1459 920 1535 rogitansque,
935 1467 943 1494 ⁴
957 1459 1043 1517 satin*
1107 1467 1108 1470 ’

98 1547 106 1574 ⁴
120 1540 195 1596 salra'
203 1550 295 1596 essent
303 1537 409 1604 omnia,’
420 1551 511 1614 togam
523 1559 638 1616 propere
648 1558 665 1596 c
675 1539 785 1613 tugurio
792 1540 913 1614 proferre
921 1558 1041 1597 uxorem

99 1618 232 1676 Raciliam
250 1616 338 1694 jabet.
379 1618 443 1681 Qua
456 1617 547 1685 simul,
560 1619 682 1674 absterso
695 1617 807 1693 pulvere
820 1638 853 1676 ac
866 1619 976 1686 sudoro,
990 1639 1041 1676 ve·

98 1698 169 1754 latus
182 1697 324 1773 processit,
334 1696 494 1754 dictatorem
504 1716 567 1753 eum
577 1696 660 1772 legati
670 1697 837 1772 gratulantes
845 1698 1040 1756 consalutant:

97 1777 126 1833 in
140 1777 234 1832 urbem
246 1786 361 1832 vocantr
382 1776 429 1850 qui
439 1787 525 1832 terror
533 1776 569 1832 sit
577 1775 605 1832 in
616 1777 748 1844 exercitu,
759 1789 909 1851 exponunt.
950 1775 1040 1834 Navis

98 1855 231 1919 Quinctio
251 1853 360 1929 publice
380 1867 473 1931 parata
492 1855 552 1921 fuit,
574 1867 814 1930 transvectumque
840 1867 904 1923 tres,
927 1857 1038 1913 obviam

100 1933 212 2010 egressi,
227 1934 275 1990 filii
289 1933 445 2009 excipiunt;
465 1934 529 1991 inde
540 1935 585 1991 alii
599 1935 744 2011 propinqui
758 1947 841 2009 atque
857 1935 955 2002 aurici;
976 1947 1041 1999 tum

98 2013 213 2072 Petrum
232 2012 318 2090 major
336 2032 407 2088 para.
446 2012 491 2076 Eri
506 2013 659 2088 frequentiis
671 2015 796 2089 stipatus,
810 2014 1039 2072 antecedentibus

97 2092 249 2160 lictoribus,
264 2092 399 2150 deductus
413 2104 455 2149 est
469 2092 590 2150 domum.
631 2093 669 2149 Et
682 2093 769 2168 plebis
780 2113 929 2150 concursus
938 2094 1039 2169 ingens

96 2171 166 2230 fuit:
186 2172 235 2229 sed
255 2191 288 2229 ea
307 2190 479 2246 nequaquam
499 2184 555 2228 tarn
572 2172 643 2228 laeta
662 2171 824 2235 Quinctium
838 2173 923 2240 ridit;
942 2186 972 2230 et
986 2172 1037 2230 im·
1107 2191 1108 2194 ’

97 2251 166 2326 perii
180 2250 294 2306 nimiam
303 2247 324 2316 ³,
339 2263 367 2306 et
376 2249 463 2306 virum
478 2251 506 2306 in
520 2251 580 2325 ipso
590 2251 705 2326 imper-io
715 2249 957 2320 vehementiorem,
969 2265 1036 2310 rata.
1107 2253 1108 2256 ’

98 2329 137 2386 Et
150 2329 197 2384 illc
205 2328 315 2402 quidem
325 2339 406 2385 nocte
416 2328 483 2384 nibil
492 2328 680 2404 praeterqubm
691 2329 830 2405 vigilatum
842 2330 921 2388 estin
934 2331 1004 2390 urbe
1015 2331 1037 2387 ⁴.

137 2405 261 2463 XXVII.
283 2406 398 2462 Postero
415 2408 459 2464 die
479 2409 603 2476 dictator,
624 2428 708 2483 quum
723 2420 786 2466 aute
800 2410 889 2468 lucem
903 2411 932 2466 in
945 2412 1036 2468 fortun

97 2485 224 2553 venisset,
245 2483 404 2568 magistrum
426 2486 550 2560 equiturn
569 2488 637 2544 dicit
656 2487 691 2544 L.
706 2488 889 2563 Tarquitium,
904 2491 1037 2564 patriciae

98 2565 196 2640 gentis,
210 2565 259 2621 sed
273 2563 329 2638 qui,
343 2583 429 2638 quum
442 2565 578 2641 stipendia
590 2567 707 2642 pedibus
720 2581 831 2644 propter
844 2581 1036 2644 paupertatem
1107 2569 1108 2574 '

98 2644 215 2710 fecisset,
236 2642 308 2700 bello
322 2655 414 2700 tamen
428 2644 532 2718 primus
545 2645 626 2720 longe
640 2646 782 2708 Romanae
791 2647 946 2723 juventutis
959 2647 1036 2705 habi·

98 2735 143 2780 tus
156 2732 237 2780 esset.
278 2721 350 2780 Cum
365 2723 494 2797 magistro
507 2725 629 2799 equitum
643 2725 671 2782 in
685 2727 844 2784 concionem
858 2726 943 2794 venit,
953 2727 1036 2804 justi·

98 2799 189 2858 tiam⁵
204 2801 297 2869 edicit,
318 2802 409 2859 claudi
428 2803 554 2860 tabernas
573 2804 633 2861 totis
652 2807 719 2862 urba
733 2804 823 2882 jubet,
843 2817 919 2862 vetat
939 2825 1035 2880 qnem-

98 2899 179 2956 quarn
194 2881 314 2956 privatae
325 2881 470 2956 quicquam
483 2883 523 2940 rei
533 2903 622 2958 agere.
663 2884 745 2951 Tum,
760 2884 935 2960 ‘quicunqne
946 2897 1036 2944 aetate
1107 2923 1108 2930 κ

98 2968 105 2993 ‘
120 2959 230 3026 militari
250 2973 350 3027 essent,
371 2961 476 3028 armati,
497 2982 561 3020 cum
575 2963 681 3020 cibariis
694 2963 722 3018 in
736 2963 795 3020 dies
809 2965 931 3039 quinque
949 2967 1037 3024 coctis

98 3037 251 3113 ‘vallisque
271 3039 413 3108 duodenis,
434 3053 500 3098 ante
526 3041 591 3100 solis
614 3061 741 3100 ocoesum
766 3041 870 3101 Martio
887 3045 916 3100 in
936 3064 1034 3122 campo

130 3185 135 3212 ¹
156 3187 226 3234 Nllu'l
236 3202 287 3234 nec.
325 3188 349 3232 A
361 3184 452 3234 double
464 3188 582 3250 negative,
591 3189 692 3238 without
703 3190 734 3239 its
743 3193 811 3241 usual
822 3196 887 3246 force
895 3199 1034 3250 ofaffirma-

96 3251 155 3318 tion.
190 3256 348 3314 Inaperotum,
367 3256 524 3314 unexpected.
559 3261 637 3318 Spero,
654 3258 712 3304 used
729 3276 755 3308 as
772 3263 812 3310 the
832 3266 912 3312 Greek
934 3271 1035 3330 ἔλπιζω,

95 3318 182 3380 simply
195 3329 220 3366 to
237 3327 328 3378 expect·
412 3316 421 3344 ¹
439 3324 535 3384 Operae,
546 3324 590 3372 dre.
629 3325 707 3374 Those
723 3329 778 3394 (iis)
790 3331 869 3378 would
888 3334 919 3381 do
938 3335 993 3383 well
1010 3348 1034 3385 to

95 3387 164 3432 listen
176 3396 202 3433 to
219 3387 260 3434 the
271 3384 397 3448 following
413 3399 522 3448 account,
532 3392 593 3449 who,
610 3393 654 3442 dre.
742 3397 752 3426 ¹
767 3401 864 3462 Imperii
872 3402 987 3464 nimium,
999 3405 1033 3451 hi,

93 3463 225 3512 powertoo
232 3462 307 3517 great.
378 3454 469 3504 {Mat
476 3467 555 3510 -utum
563 3469 595 3510 ert
599 3471 693 3526 praeter
699 3460 775 3528 parom
781 3467 852 3530 u'gr'l„
891 3471 935 3519 See
944 3487 968 3534 p.
982 3472 1032 3532 105,

92 3522 187 3570 actea
255 3521 362 3583 ‘Scep
379 3521 434 3582 147,
447 3526 536 3576 norea.
