2224 3862
377 167 379 174 ’
424 197 549 296 urana
569 193 621 258 Ν.
664 235 666 244 J
893 157 896 170 ’
948 202 1005 262 ess

66 359 188 428 dullinus,
207 359 256 436 Sp.
272 358 435 417 Postumius
454 359 553 418 Albus.
594 357 638 416 Eo
658 375 729 415 anno
742 355 785 414 via
796 355 886 416 morbi
900 358 999 430 levata,

60 460 144 516 neque
158 439 303 516 apenuriit
316 440 454 505 frumenti,
469 441 533 515 quia
546 437 757 515 anteprovisum
767 451 834 504 erat,
843 439 997 515 periculum

59 521 115 576 luit.
155 519 281 578 Consilia
292 521 329 576 ad
341 519 475 576 movenda
485 519 593 576 ballein
603 518 765 574 Volscorum
777 517 997 596 Aequorumque

59 599 184 668 conciliis,
208 613 237 656 et
257 599 286 655 in
308 598 420 655 Etruria
438 599 473 655 ad
492 599 586 656 lanum
607 597 782 664 Voltumnae,
801 601 912 674 agitata.
950 599 996 658 lbi

58 679 175 754 prolatae
196 679 225 734 in
243 697 347 736 anunm
366 697 419 744 res,
439 679 606 754 decretoque
625 689 746 743 cautum,
766 683 823 734 ‘ne
843 679 917 752 quod
930 682 996 736 anth

58 758 224 816 ‘concilium
245 757 351 815 fieret?
379 757 561 832 nequicquam
583 756 701 834 Vejcnte
721 756 825 832 populo
851 771 992 832 querente,

57 839 201 902 ‘eundern
223 837 279 912 quai
299 837 420 894 Fidenae
439 837 545 894 deletae
565 837 628 903 sint,
648 835 791 893 imminere
810 835 887 912 Vejis
906 838 993 896 fortu-

57 917 154 974 ‘nam'
196 916 313 975 Interim
325 917 431 976 Romae
439 915 576 992 principue
584 916 680 992 plebis,
684 914 743 992 jem
754 915 803 972 diu
810 916 993 992 nequicquam

55 997 229 1053 imminentes
243 996 302 1072 spei
316 995 427 1072 majoris
440 994 559 1063 honoris,
574 997 640 1053 dum
654 995 719 1052 foris
732 994 819 1052 otium
833 1008 915 1063 esset,
929 1016 992 1054 coe·

56 1089 94 1132 tus
107 1077 234 1134 indicere
248 1077 276 1132 in
290 1076 387 1132 domos
400 1075 571 1132 tribunorum
586 1075 675 1150 plebei
687 1097 694 1141 3
714 1073 752 1130 ibi
765 1087 870 1132 recreta
880 1077 993 1134 consilia

54 1157 170 1230 agitare:
191 1156 280 1231 queri,
302 1163 354 1212 ‘se
373 1175 389 1212 a
408 1155 488 1230 plebe
507 1151 578 1212 adad
598 1165 713 1230 spretos,
733 1165 774 1221 ut,
788 1173 873 1229 quum
887 1173 937 1230 per
950 1167 993 1213 tot

56 1244 158 1292 ‘annos
172 1235 278 1292 tribuni
292 1235 410 1292 militum
424 1234 559 1291 consulari
572 1245 708 1308 potestate
717 1247 853 1301 creentur,
864 1233 932 1290 nulli
939 1254 991 1292 un·

55 1322 154 1390 ‘qnam
169 1314 281 1391 plebeio
294 1315 329 1371 ad
343 1333 407 1370 eum
421 1313 552 1370 honorem
563 1312 753 1370 aditusfnerit.
793 1311 918 1370 Multum
927 1333 993 1390 pro·

54 1395 172 1452 ‘vidisse
194 1413 260 1450 suos
279 1393 405 1471 majores,
426 1393 475 1468 qui
493 1393 623 1460 caverint,
643 1411 679 1448 ne
700 1394 745 1450 cui
762 1394 877 1468 patricio
890 1393 991 1470 plebeii

54 1475 250 1549 ‘magistratus
264 1485 405 1549 paterent;
425 1484 473 1530 aut
486 1471 615 1548 patricios
625 1470 765 1529 habendos
774 1472 858 1530 luisse
866 1473 991 1530 tribunos

54 1554 170 1628 ‘plebei¹
213 1554 297 1611 Adeb
316 1573 347 1610 se
366 1551 423 1610 suis
443 1553 526 1609 etiam
547 1552 665 1620 sordere,
686 1571 739 1609 nec
759 1571 776 1608 a
795 1552 874 1627 plebe
891 1553 990 1621 minius,

55 1632 153 1707 ‘quim
175 1653 194 1689 a
214 1633 340 1690 Patribus
354 1630 509 1690 contemni.'
551 1631 610 1687 Alii
624 1651 740 1708 purgare
750 1631 867 1706 plebem,
882 1633 991 1710 culpam

53 1712 77 1767 in
91 1714 190 1770 Patres
204 1725 328 1778 vertere;
350 1719 358 1746 ‘
372 1731 467 1769 eorum
481 1711 630 1768 ambitione
643 1712 802 1786 artibusque
815 1711 883 1779 fieri,
897 1725 930 1769 ut
942 1715 991 1770 ob·

54 1799 181 1868 ‘septum
204 1792 277 1867 plebi
297 1791 333 1849 sit
352 1792 387 1848 ed
407 1791 540 1848 honorem
560 1790 623 1847 iter.
665 1791 695 1848 Si
715 1790 789 1866 plebi
809 1792 942 1868 respirare
955 1794 989 1850 ab

54 1879 166 1930 ‘eorum
183 1872 277 1928 mixtis
290 1871 417 1947 precibus
431 1870 567 1944 minisque
581 1869 670 1937 liceat,
685 1888 835 1926 memorem
849 1890 909 1926 eam
926 1891 991 1927 suo-

54 1957 130 2008 ‘mm
145 1953 275 2007 inituram
290 1950 418 2025 suffragia
432 1967 501 2016 esse,
516 1960 545 2004 et
554 1961 632 2024 parto
645 1949 748 2005 auxilio
761 1948 906 2025 imperium
921 1946 991 2025 qub-

53 2038 123 2106 ‘que
145 2029 331 2088 adscituraml
371 2030 477 2096 Placet,
505 2027 642 2084 tollendae
657 2026 815 2084 ambitionis
838 2027 921 2084 causa
940 2030 989 2085 tri-

52 2109 136 2168 bunos
150 2111 241 2186 legem
255 2109 437 2186 promulgare,
453 2116 509 2164 ‘ne
522 2107 569 2164 cui
582 2106 674 2162 album
688 2107 716 2162 in
730 2105 925 2164 vestimentum
939 2110 988 2164 ad·

52 2191 144 2258 ‘dere,
159 2189 301 2266 petitionis
314 2191 409 2246 liceret
422 2187 504 2246 causi
512 2185 537 2242 ¹.'
578 2185 665 2243 Parva
678 2203 752 2243 nunc
764 2205 816 2253 res,
826 2198 855 2243 et
862 2186 909 2242 vix
916 2184 988 2244 scrib

51 2271 153 2345 agenda
166 2268 254 2326 videri
274 2269 369 2344 possit,
390 2287 460 2343 quae
480 2279 546 2323 tunc
564 2265 668 2340 ingenti
682 2264 830 2323 cemamine
845 2266 942 2324 Patres
955 2286 987 2326 ac

50 2351 154 2424 plebem
169 2349 305 2406 accendit.
345 2347 445 2405 Vicere
455 2359 546 2404 tamen
558 2345 669 2412 tribuni,
680 2358 712 2402 nt
720 2346 808 2420 legem
819 2346 986 2421 perferrent:

50 2430 260 2505 apparebatque,
274 2427 386 2484 irritatis
399 2426 505 2492 animis,
523 2425 629 2502 plebem
645 2426 680 2482 ad
693 2445 758 2482 auca
770 2425 863 2482 studia
875 2425 988 2484 inclina·¹

49 2521 146 2566 turam.
188 2509 268 2571 Quae
282 2527 317 2564 ne
331 2507 524 2572 libamentum,
535 2507 810 2563 senatusconsultum
821 2506 924 2562 facturn
935 2519 987 2575 est,

48 2601 76 2644 ut
89 2588 246 2646 consularia
258 2587 370 2644 comitia
382 2585 555 2643 haberentur.

84 2659 198 2725 XXVI.
221 2666 370 2723 Tumultus
384 2665 488 2722 causa²
502 2665 562 2734 fuit,
574 2685 656 2740 quern
671 2664 704 2722 ab
715 2663 822 2738 Aequis
836 2675 864 2720 et
877 2663 986 2721 Volscis

48 2746 139 2804 Latini
153 2758 237 2822 atque
252 2745 369 2803 Hernici
382 2745 552 2804 nunciarent.
593 2744 627 2800 T.
642 2743 798 2810 Quinctius,
813 2742 895 2800 Lucii
905 2743 987 2812 filius,
1072 2793 1076 2804 .

147 2825 328 2885 Cincinnatus
346 2825 451 2901 (eidem
473 2836 501 2882 et
522 2824 618 2880 Penno
638 2841 792 2898 cognomen
811 2822 937 2896 additur)
958 2837 987 2881 et

50 2899 105 3002 Ἴ·
147 2907 181 2964 C.
196 2905 290 2963 Julius
304 2903 414 2970 Mento,
430 2904 554 2960 consules
568 2903 651 2970 facti;
671 2922 723 2959 nec
737 2899 808 2959 ultre
821 2915 908 2959 terror
922 2904 987 2960 belli

96 2989 102 3004 '
146 2997 191 3043 est
205 2985 315 3042 dilatus.
355 2983 433 3060 Lege
447 2981 571 3042 ιιιειιιΐι3
587 3001 657 3057 quac
671 2982 791 3039 maxima
803 2983 877 3059 apud
889 3002 937 3040 eos
946 2983 986 3040 vis

77 3146 84 3174 ¹
104 3147 202 3202 Attum,
226 3143 303 3192 challs.
342 3148 349 3173 ⁶
368 3143 446 3191 Thoas
469 3143 523 3190 who
544 3143 633 3204 sought
650 3141 807 3203 presermeuts
824 3157 887 3190 were
910 3141 987 3190 called

48 3217 201 3264 ‘Candidum
219 3213 283 3260 from
299 3211 396 3259 awhite
412 3213 470 3258 robe
486 3226 553 3258 worn
571 3212 602 3272 by
619 3211 692 3264 them,
712 3211 787 3256 which
805 3226 853 3258 was
870 3209 985 3262 rendered

21 3315 22 3320 ,
48 3289 55 3309 ⁴
67 3281 163 3344 shining
175 3281 238 3328 from
250 3282 290 3328 the
301 3290 339 3327 art
349 3279 379 3326 of
386 3280 426 3326 the
436 3277 509 3325 fuller
519 3297 526 3337 3
545 3279 583 3326 for
594 3277 627 3326 all
638 3279 678 3326 the
687 3277 789 3339 wealthy
804 3279 911 3325 Romans
922 3291 986 3322 wore

49 3357 78 3395 ‘a
94 3365 168 3412 gown
186 3347 306 3410 naturally
316 3347 407 3394 white.''
444 3347 481 3393 Dr
501 3347 593 3393 Anam.
667 3341 748 3392 'The
765 3343 876 3392 causeof
889 3345 987 3388 consuls

47 3417 115 3480 being
128 3415 229 3463 elected.
299 3415 309 3443 ³
327 3415 412 3462 Festus
430 3415 485 3460 thus
500 3413 591 3458 defines
602 3413 641 3458 the
652 3415 712 3474 leges
728 3421 851 3460 sacratae:
879 3409 987 3455 Sacratae

47 3483 108 3546 leges
120 3494 185 3537 sunt.
198 3484 285 3546 quibus
296 3491 406 3529 sanctum
416 3490 459 3537 est,
471 3479 512 3542 qui
524 3479 584 3542 quid
596 3479 709 3527 adversus
721 3493 760 3525 eas
771 3476 861 3532 fecerit,
871 3474 985 3520 sacerali»

47 3554 84 3600 cui
97 3554 210 3601 Deorum
221 3551 259 3610 sit,
272 3565 328 3598 curn
339 3548 432 3598 familia
442 3547 601 3610 pecuniaque.
624 3599 629 3606 ,

525 3632 546 3671 Υ
