2232 3862
441 261 564 320 LIBER
585 262 609 320 1.
974 256 993 310 5

48 429 108 482 bant
120 424 198 492 loca,
213 423 251 481 ad
263 421 412 480 arcendam
423 420 478 478 vim
491 421 656 480 advenarum
670 423 767 480 armati
781 443 815 481 ex
827 423 897 482 urbe
910 435 993 500 atque

1 557 2 614 ψ
50 500 1028 646 cumburetur,rtrttrntatr·

52 665 133 720 dunt:
156 602 260 730 atii'f‘
270 659 520 735 qunmrinetructae
532 660 604 717 acies
620 605 813 732 constitissend,
824 664 898 740 priits
912 661 993 738 quium

52 753 57 778 ⁴
70 744 151 820 sigua
163 753 307 806 meent,
321 737 488 814 menesium
499 737 629 796 Latinum
644 741 715 798 inter
727 742 867 818 primores,
882 744 995 801 ducem·

53 831 59 856 ⁶
71 842 125 897 quo
137 822 314 879 advenamrn
328 818 455 874 ambisse
467 819 501 875 ad
519 819 685 894 colloquium
696 844 703 888 ;
713 833 931 897 percunctatum
946 823 994 878 de·

54 911 60 936 ‘
72 902 145 967 iude,
159 899 216 975 qui'
225 897 469 963 mortaleaeeaent,
481 897 562 965 unde,
577 912 691 974 autquo
702 919 769 958 casu
777 901 891 977 profecti
902 901 993 967 domo,

56 988 62 1014 ⁸
74 975 177 1054 quidve
187 989 354 1053 quaerentes
364 976 675 1051 iu-agntmLauron'tem
687 981 829 1038 exissent?
846 979 995 1056 Pottqmm

56 1069 62 1093 ‘
75 1057 208 1126 eudicti&
216 1057 421 1114 multitudinem
433 1054 564 1132 Trojanos
575 1077 650 1124 esee;
664 1059 762 1116 ducem
774 1061 897 1126 Aenean,
908 1060 995 1116 filium

58 1147 64 1172 ¹
78 1137 220 1196 Ancbieae
233 1149 261 1194 et
276 1135 407 1201 Veneris3
427 1137 547 1194 cremata
558 1135 647 1212 patrib
659 1149 688 1194 et
701 1138 784 1194 domo
800 1139 942 1217 profugos,
954 1157 997 1195 se·

59 1224 65 1250 ‘
79 1219 147 1286 dem,
163 1216 381 1289 condendaeque
393 1215 453 1271 urbi
467 1215 558 1272 locum
573 1234 710 1290 quaerero,
725 1227 754 1274 et
766 1218 935 1274 nobilitatem
949 1219 997 1274 ad·

60 1297 205 1354 ‘miratum
223 1294 313 1371 gentis
327 1293 442 1368 virique,
463 1306 491 1351 et
508 1296 630 1352 animum
643 1297 685 1352 vel
704 1297 775 1353 bello
788 1298 832 1354 vel
845 1297 905 1372 paci
919 1316 997 1373 para·

61 1385 144 1442 ‘tnm,
164 1375 282 1432 dextera
298 1374 363 1430 date
381 1373 463 1430 fidem
480 1373 587 1431 futurae
604 1375 739 1433 amicitiae
757 1377 886 1433 sanxisse.
928 1377 996 1434 lude

61 1456 173 1512 ‘foedus
190 1456 279 1512 ictum
293 1454 365 1510 inter
383 1453 476 1520 duces,
496 1453 567 1512 inter
585 1455 720 1512 exereitus
733 1455 922 1513 sulcationem
941 1457 997 1514 fac·

62 1543 144 1591 ‘tam
186 1535 304 1591 Aenean
319 1533 393 1608 apud
406 1532 536 1590 Latinum
550 1534 634 1591 fuisse
647 1534 675 1590 io
689 1533 816 1611 hospitio.
856 1534 900 1591 Ibi
920 1533 997 1592 Lati·

60 1621 67 1646 ‘
80 1633 144 1670 num
155 1615 230 1688 apud
241 1624 355 1689 penates
367 1611 444 1669 Deos
455 1613 635 1670 domesticum
650 1614 764 1688 publico'
774 1613 930 1690 adjunxisse
940 1615 997 1672 foe·

61 1694 139 1760 ‘dnn
159 1695 218 1752 filit
230 1695 346 1749 Aeneae
366 1691 395 1749 in
411 1692 613 1749 matrimonium
635 1691 715 1749 dota?
756 1693 800 1750 Ea
818 1713 862 1750 res
881 1694 997 1769 utique²

62 1771 182 1848 Trojenis
193 1771 407 1847 spemaffirmat
424 1773 534 1829 tandem
555 1772 645 1830 stabili
662 1773 792 1848 certique
805 1773 871 1830 sede
884 1773 997 1830 finiendi

63 1852 165 1908 erroris.
191 1852 336 1926 Oppidum
351 1851 481 1908 condunt.
512 1854 622 1908 Aeneae
635 1853 670 1908 ab
683 1852 794 1908 nomine
807 1847 998 1909 uxoris'Lavi·

64 1932 132 1988 nium
146 1931 276 2008 appellat.
307 1930 398 1996 Brevi,
412 1931 495 2006 stirps
509 1931 617 2006 qanue
628 1929 712 1987 virilis
724 1949 760 1988 cx
773 1950 845 1988 novo
858 1932 998 1988 matrimo-

64 2012 106 2066 nio
116 2009 183 2076 fuit3
205 2011 249 2067 cni
264 2009 414 2066 Ascanium
429 2021 555 2084 parentes
570 2010 663 2066 dixere
676 2029 786 2066 nomen.

73 2131 75 2136 .
98 2088 136 2144 ΙΙ,
149 2089 228 2146 Bello
243 2089 344 2162 deinde
359 2087 525 2163 Aborigines
540 2087 707 2162 Trojanique
720 2088 801 2144 simul
811 2088 900 2163 petiti.
925 2088 998 2144 Tur·

63 2188 113 2223 nus
122 2169 181 2225 Rex
190 2167 370 2233 Rutulorum,
381 2167 426 2224 cui
436 2179 518 2243 pecta
526 2165 642 2223 Lavinia
651 2179 714 2224 ante
725 2167 872 2224 adventurn
886 2169 999 2224 Aeneae

64 2249 152 2314 sumat,
173 2248 327 2323 praelatum
341 2247 392 2302 ribi
406 2247 538 2304 advenam
553 2249 634 2320 aegre
646 2246 765 2322 patiens,
787 2245 869 2302 simul
885 2249 999 2304 Aeneae

66 2325 212 2400 Latinoque
225 2327 334 2382 bellurn
346 2325 482 2382 intulerat.
524 2325 631 2382 Neutra
643 2325 715 2382 aciae
731 2327 803 2382 laeta
816 2346 851 2382 ex
864 2345 898 2383 eo
912 2339 999 2384 certu-

65 2406 131 2462 mine
149 2407 226 2462 abiit.
271 2405 347 2462 Victi
368 2405 483 2461 Rutuli:
508 2405 624 2462 victores
645 2405 812 2481 Aborigines
833 2405 999 2482 Trojanique

64 2485 156 2542 duca
170 2485 304 2542 Latinum
318 2484 442 2540 amisere.
483 2483 552 2541 Inde
568 2485 678 2540 Turnus
693 2484 846 2560 Rutulique
860 2482 942 2541 diffisi
957 2506 999 2542 re·

46 2628 49 2638 Ι
65 2564 119 2630 bite,
131 2563 165 2622 ad
179 2565 309 2622 florentes
321 2563 502 2620 Etruscorum
515 2581 583 2639 opes
595 2561 832 2639 Mezentiumque,
847 2583 942 2622 eoruro
956 2585 1000 2620 re-

65 2644 318 2720 gemconfogiunt:
336 2643 392 2718 qui,
405 2643 492 2700 Caere
503 2644 633 2718 opulento
647 2655 705 2700 tum
720 2645 821 2720 oppido
831 2643 1006 2720 imperitans,

61 2723 113 2795 jam
125 2723 187 2782 iude
201 2726 237 2780 ab
250 2723 330 2779 initio
341 2721 352 2753 ³
366 2722 480 2778 minime
493 2722 582 2779 laetus
592 2741 678 2780 novae
689 2723 793 2797 origine
803 2723 886 2790 urbis,
898 2736 927 2780 et
940 2737 1000 2780 tum

67 2802 164 2860 ‘nimio
177 2804 248 2880 plns,
264 2801 347 2878 quito
361 2801 429 2858 eatis
446 2813 537 2858 tutum
559 2813 631 2859 esset
649 2803 757 2869 accolis,
778 2821 836 2858 rem
852 2802 998 2878 Trojanam

67 2882 208 2940 ‘cresccre'
229 2895 315 2950 ratus,
336 2881 410 2938 haud
430 2881 562 2956 gravatim
583 2881 657 2938 socia
676 2901 752 2939 arma
768 2881 881 2938 Rutulis
896 2882 1000 2956 junxit.

69 2959 177 3029 Aeneas,
191 2962 408 3019 adversustanti
422 2961 486 3018 belli
504 2973 634 3018 terrorem
649 2972 681 3018 ut
695 2959 800 3018 animos
815 2961 1000 3036 Aboriginum

69 3037 114 3094 eibi
125 3043 291 3110 conciliaret,
312 3039 363 3098 ne⁴
376 3041 427 3098 sub
441 3040 538 3098 eodem
548 3039 612 3117 jure
626 3041 713 3098 solium
728 3041 777 3097 sed
791 3040 875 3098 etiam
888 3042 1000 3100 nomine

1 3189 2 3196 ἵ
97 3198 103 3225 ¹
117 3200 171 3250 lbia
182 3203 257 3250 latter
268 3209 372 3250 account
384 3200 406 3248 is
414 3202 455 3250 the
464 3215 511 3249 one
519 3201 612 3265 mainly
621 3200 725 3262 adopted
734 3202 767 3263 by
780 3199 865 3263 Virgil.
940 3198 1000 3252 'Ea

67 3273 193 3332 ruentique.
234 3266 300 3317 Tbat
311 3278 382 3316 event
393 3269 489 3332 beyond
501 3269 534 3316 all
545 3272 634 3327 others,
647 3270 691 3316 viz.
710 3271 750 3316 tlte
761 3270 880 3330 marriage
891 3270 1001 3317 between

71 3337 157 3385 ,leneas
168 3338 218 3385 and
231 3338 343 3394 Lauinia,
356 3337 381 3382 in
393 3338 472 3384 ulrich
483 3340 541 3384 both
553 3346 669 3384 accounts
681 3353 759 3399 agree.
838 3336 847 3362 ⁸
865 3337 925 3382 This
937 3337 1002 3382 indi-

68 3412 130 3457 cotes,
141 3406 260 3468 (andjam
269 3409 325 3456 inde
334 3403 423 3466 always
434 3407 478 3452 bas
489 3421 503 3452 a
514 3406 606 3452 similar
614 3405 703 3465 force),
713 3403 899 3451 dissatisfaction
908 3411 932 3447 at
940 3403 1000 3455 first,

68 3469 111 3516 and
122 3487 135 3518 a
146 3475 310 3520 continuance
322 3474 351 3519 ot'
365 3475 407 3519 tlte
424 3473 516 3534 feeling
534 3472 572 3518 till
590 3475 630 3519 the
648 3481 757 3518 moment
768 3473 793 3518 in
806 3470 925 3532 question,
938 3468 1002 3512 from

68 3538 105 3584 tlte
114 3541 248 3603 beginning
258 3541 292 3587 all
304 3541 378 3602 along
389 3557 424 3601 up
436 3549 461 3586 to
473 3541 525 3587 that
536 3540 601 3586 time.
683 3538 692 3566 ⁴
710 3541 757 3595 Ne,
775 3535 896 3584 resoluble
907 3533 959 3579 into
976 3544 1003 3581 ut

67 3623 118 3660 non,
130 3609 174 3654 niz.
190 3616 280 3655 utnon
293 3610 337 3656 sub
349 3607 442 3664 eodem,
455 3608 499 3656 &o
