2232 3862
465 197 588 265 LIBER
609 207 648 266 ll.
987 207 1023 261 tt

79 367 195 425 maxime
207 365 342 442 Vejentes
357 364 660 441 Tarquiniensesque,‘
671 385 705 423 ne
719 385 749 422 sa
763 363 881 432 ortum¹,
896 363 1020 441 ejusdem

82 446 248 520 ‘sanguinis
268 458 408 502 extorrem
423 457 549 520 egentem
564 465 599 502 ex
613 458 691 502 tanto
704 439 787 501 modd
801 463 895 519 regno,
910 463 973 500 cum
988 444 1020 498 li-

80 526 165 583 ‘ben‘s
177 523 405 582 adolescentibus
418 537 482 582 ante
496 525 590 582 oculos
604 543 668 580 suos
682 524 771 600 perire
781 523 910 580 sinerent
939 523 1020 579 Alios

79 605 234 680 ‘'peregre
226 624 254 660 m
276 623 393 695 regnum
413 601 532 660 Romam
552 603 670 660 accitos:
695 623 725 660 se
746 621 848 677 rogem,
871 614 1019 676 augentem

79 683 161 740 ‘bello
176 683 358 740 Romanum
351 682 507 759 imperium,
518 702 535 739 a
545 683 677 759 proximis
689 682 821 740 scelerata
831 679 1020 757 conjuratione

77 763 212 854 ‘pulsum
255 761 334 818 Eos'
327 774 399 818 mter
412 781 451 830 se,
472 762 536 836 quia
551 781 634 819 nemo
651 781 724 818 unus
741 760 808 818 satis
821 761 920 835 dignus
934 779 1020 835 regno

79 849 84 874 ¹
96 861 165 897 visus
178 841 226 908 sit,
241 853 336 916 partes
349 841 427 916 regni
441 841 580 916 rapuisse3
601 842 673 898 bona
686 861 736 897 sua
749 839 904 915 diripienda
916 840 1020 916 populo

79 921 211 987 ‘dedisse
227 939 263 976 ne
277 921 339 995 quis
352 939 451 995 expers
464 920 574 977 sceleris
588 931 669 976 esset.
711 920 831 977 Patriam
847 937 877 976 se
890 938 1019 994 regnum-

79 1007 86 1032 ⁴
97 1019 144 1074 que
157 1019 243 1056 suum
258 1012 393 1074 repetere,
408 1011 436 1056 et
447 1000 574 1074 persequi
585 999 705 1074 ingratos
716 1000 790 1056 cives
801 998 879 1054 velle.
906 997 1021 1054 Ferrent

22 1107 23 1136 l
81 1085 87 1109 ⁴
99 1099 184 1154 opem,
199 1079 381 1156 adjuvarent;
400 1097 463 1135 suas
476 1075 587 1154 qudque
601 1091 707 1135 veteres
717 1077 829 1156 injurias
840 1077 928 1133 ultum
940 1077 1019 1144 irent,

79 1160 173 1214 ‘toties
187 1177 285 1214 caesas
298 1157 429 1232 legiones,
446 1177 541 1233 agrum
558 1156 736 1233 ademptum’
778 1157 859 1214 Haec
874 1170 1020 1212 moverunt

81 1236 221 1310 Veientes:
236 1255 271 1293 ac
281 1255 331 1312 pro
341 1257 371 1294 se
382 1236 508 1312 quisque,
524 1245 531 1271 ‘
544 1237 672 1294 Romano
683 1237 779 1294 saltem
789 1236 800 1268 ¹
812 1237 891 1303 duce,
903 1235 1019 1310 ignomi-

82 1316 150 1372 ‘nias
169 1316 334 1382 demendas,
353 1316 479 1390 belloque
499 1316 600 1373 amissa
618 1315 785 1392 repetenda,'
804 1314 949 1373 minaciter
966 1316 1019 1371 fre·

80 1409 157 1452 munt
191 1393 409 1468 Tarquinienses
423 1415 523 1452 nomen
537 1415 570 1452 ec
584 1397 711 1470 cognatio
726 1407 826 1452 movet.
868 1392 1019 1451 Pulchrum

81 1474 225 1542 videbatur,
241 1493 309 1530 suos
323 1473 430 1531 Romae
443 1493 564 1550 regnare.
605 1475 649 1531 Ita
662 1476 718 1532 duo
733 1476 848 1532 duarum
866 1474 1019 1536 ciuitatium

78 1554 221 1621 exercitus,
235 1553 272 1610 ad
285 1553 466 1628 repetendum
481 1573 595 1629 regnum
607 1554 734 1630 belloque
744 1554 949 1631 persequendos
961 1553 1018 1609 Ro·

79 1651 174 1701 manos,
192 1631 284 1689 secuti
300 1631 490 1706 Tarquinium.
532 1633 684 1708 Postquam
702 1635 731 1690 in
749 1653 843 1708 agrum
861 1633 1018 1690 Romanum

78 1725 183 1768 rentum
198 1725 251 1776 est,
273 1711 384 1768 obviam
397 1709 471 1769 hosti
489 1713 615 1769 consules
628 1725 704 1770 eunt.
745 1713 872 1770 Valerius
886 1713 1020 1787 quadrato

78 1792 181 1864 agmine
193 1791 319 1866 peditem
333 1790 426 1848 ducit:
447 1791 550 1848 Brutus
560 1793 596 1849 ed
606 1792 805 1868 explorandum
816 1811 880 1849 cunt
894 1792 1019 1866 equitatu

78 1870 227 1927 antecessit.
258 1869 367 1928 Eodem
382 1871 465 1927 modo
479 1871 584 1946 primus
598 1891 682 1946 eques
693 1871 815 1928 hostium
826 1871 943 1946 agminis
956 1870 1018 1936 luit,

76 1952 208 2023 [praeerat
223 1948 321 2004 Aruns
336 1947 510 2023 Tarquinius,
525 1951 599 2006 lilius
612 1951 710 2025 regis)
724 1971 772 2007 rex
786 1951 845 2025 ipse
860 1969 923 2006 cum
934 1949 1019 2022 legio·

77 2027 152 2084 nibus
165 2028 345 2102 sequebatur.
387 2030 490 2095 Aruns,
505 2030 552 2086 uhi
566 2049 602 2086 ex
614 2028 758 2086 lictoribus
768 2029 863 2105 procul
877 2027 1018 2085 consulem

77 2127 148 2174 esse;
175 2107 280 2164 deinde
296 2105 354 2183 jam
375 2108 486 2184 propiis
506 2128 539 2166 ac
560 2109 660 2165 certius
680 2109 749 2165 facie
773 2109 883 2182 quilque
900 2105 1019 2162 Brutum

77 2187 211 2261 cognovit,
226 2185 413 2243 inflammatus
427 2188 475 2253 iri,
497 2196 504 2222 ¹
520 2187 570 2244 Ille
584 2199 627 2244 est
640 2186 699 2254 vir,'
712 2187 810 2262 inquit,
829 2187 897 2261 ‘qui
910 2205 960 2242 nos
971 2205 1018 2242 ex·

79 2273 181 2323 ‘torres
196 2265 307 2340 expulit
320 2266 416 2340 patriti.
444 2265 518 2343 lpse,
533 2287 576 2333 en,
591 2267 645 2335 ille,
661 2268 761 2324 nostris
774 2267 920 2324 decoratus
935 2265 1018 2340 insig-

77 2345 184 2434 ‘'nibus,
200 2343 348 2418 magnifice
361 2345 471 2402 incedit.
506 2346 557 2402 Dii
570 2366 665 2422 regum
680 2347 783 2404 ultores
796 2345 908 2404 adeste.'
943 2346 1018 2404 Coa·

77 2423 138 2482 citat
151 2423 306 2481 calcaribus
319 2443 430 2516 equum,
450 2437 532 2500 atque
546 2427 573 2481 in
589 2425 679 2501 ipsum
694 2426 808 2483 infestus
822 2427 962 2483 consulem
977 2426 1019 2481 di-

75 2502 143 2578 rigit
187 2502 303 2560 Sensit'
297 2522 325 2558 m
339 2524 368 2560 se
383 2504 416 2560 iri
432 2504 543 2562 Brutus.
585 2504 728 2562 Decorum
746 2519 804 2563 erat
818 2518 877 2562 tum
892 2505 959 2596 ipsis
973 2524 1019 2561 ca·

76 2599 181 2656 passere
202 2600 325 2657 pugnam
348 2583 481 2640 ducibus.
502 2583 610 2640 avide
603 2597 695 2658 itaque
715 2605 745 2642 se
766 2585 909 2642 certamini
929 2575 1019 2641 offeri.

77 2661 213 2737 Adeoque
233 2661 339 2718 infestis
356 2663 455 2719 animis
473 2677 678 2731 concurrerunt,
698 2678 805 2733 neuter,
827 2665 892 2720 (lum
910 2663 1018 2721 hostem

77 2740 241 2806 vulneraret,
255 2740 299 2796 sui
313 2743 476 2816 protegendi
489 2743 610 2818 corporis
625 2763 739 2811 memor,
756 2758 796 2812 ut,
811 2743 948 2800 contrario
961 2745 1020 2802 ictu

77 2837 121 2891 per
133 2838 259 2895 parmam
271 2831 388 2894 uterque
399 2822 555 2889 transfixus,
570 2822 676 2880 duabus
687 2822 831 2880 haerentes
841 2823 926 2880 hastis
936 2824 1019 2880 mori·

77 2897 157 2955 bandi
170 2919 207 2955 ex
222 2898 302 2972 equis
320 2899 388 2975 lapsi
406 2899 469 2957 sint.
511 2900 599 2958 Simul
617 2915 646 2959 ot
666 2914 758 2960 cetera
776 2903 910 2977 equestris
927 2921 1020 2979 pugna

76 2979 180 3054 coepit;
200 2997 293 3052 neque
307 2977 346 3036 ita
363 2980 450 3038 multis
467 2993 531 3056 post
550 2993 579 3038 et
601 2981 708 3057 pedites
728 2983 934 3058 superveniunt.
976 2981 1019 3039 lbi

109 3145 259 3196 ¹Seorlum
299 3147 379 3208 Seep
394 3146 434 3204 61,
449 3150 542 3196 norell
578 3149 677 3200 &used
691 3150 909 3200 wrthsrel'erence
919 3167 945 3200 to
957 3172 1020 3204 stne

77 3224 143 3270 reat3
162 3216 215 3262 that
225 3216 281 3278 they
295 3214 382 3262 should
393 3227 437 3263 not
449 3230 536 3276 permit
552 3235 567 3264 a
583 3233 640 3264 man
658 3216 866 3266 descendedlrom
879 3222 951 3274 them
966 3223 1019 3285 (qui

77 3294 122 3326 non
131 3281 260 3344 sinerent).
331 3285 342 3312 ²
361 3287 456 3332 Saltem
489 3285 541 3332 'llio
553 3285 656 3363 position
668 3287 697 3332 ol
705 3286 751 3332 this
761 3286 826 3334 word
839 3287 926 3350 clearl)
936 3289 1020 3344 shews,

78 3347 124 3394 that
135 3351 175 3396 the
187 3349 303 3412 meaning
312 3349 341 3396 ol'
349 3353 388 3398 the
398 3368 496 3413 passage
506 3353 534 3407 is,
547 3353 612 3400 since
621 3367 715 3400 success
724 3353 770 3400 had
780 3365 822 3401 not
833 3353 946 3400 attended
956 3357 1021 3400 them

79 3415 152 3462 under
162 3417 225 3464 their
237 3433 292 3463 own
305 3417 404 3488 leaders,
426 3419 496 3475 Thac,
509 3419 600 3466 headed
612 3421 643 3481 by
656 3436 670 3466 a
685 3421 780 3466 Roman
792 3433 816 3466 at
828 3421 893 3466 least
933 3423 1021 3467 Others

77 3481 154 3528 refer
147 3495 167 3530 tt
178 3495 203 3531 to
216 3483 368 3546 ignominiae,
386 3487 408 3532 if
423 3496 467 3532 not
477 3479 514 3532 lor¹
532 3489 572 3534 the
589 3503 694 3548 purpose
704 3487 733 3534 of
747 3487 858 3548 assisting
869 3486 909 3531 the
925 3487 1020 3540 Rotnan

80 3547 145 3613 ling,
161 3552 225 3599 Tlrut
237 3553 298 3599 their
310 3552 430 3618 disgraces
442 3565 467 3601 at
478 3553 544 3601 least
930 3571 935 3582 ·
