2230 3846
432 233 556 292 LIBER
576 229 631 288 111.
948 234 1002 294 145

60 396 203 460 incidisset,
226 391 367 460 submisso,
383 391 432 470 qai
444 409 503 448 eam
517 390 547 447 ia
560 388 717 448 seruitutem
727 398 841 470 peteret,
853 391 997 450 arcessita·

58 487 104 533 tem
119 473 203 554 patri
225 475 285 549 ejus
305 470 433 548 Virgiaio
447 469 584 547 imposuit,
599 478 680 545 rapto
694 490 727 528 ec
740 469 854 528 taberub
865 471 994 548 prooimb

59 553 151 620 acltro,
168 550 301 629 ulfiliam
315 549 484 606 interimeret
492 571 504 614 ,-
526 567 609 626 quom
623 544 706 606 aliter
718 549 859 606 coortuert'
867 569 994 627 nonpos-

58 643 101 701 εει,
121 651 156 688 ne
176 631 208 686 la
220 635 381 708 potestatem
395 637 520 705 stuprum
534 623 644 682 illaturi
657 627 769 684 ueniret.
806 628 840 695 L,
855 629 906 687 &a
930 630 994 688 Hoc

6 773 7 780 ἵ
60 721 109 766 tam
129 727 253 786 magnae
271 705 401 764 luxuriae
420 703 540 782 eremplo
550 702 626 781 plebs
640 703 755 762 incitato
769 714 885 764 moutem
899 707 992 765 Auerr-

6 785 7 804 ¹
57 789 142 846 tinam
164 785 316 865 occupauit,
330 783 471 862 coigitqae
484 782 648 840 decemuiros
660 783 789 842 abdicare
802 804 830 842 se
843 785 990 864 magistra·

6 931 7 940 ἵ
58 875 92 924 tu.
133 867 183 924 Ec
204 864 302 943 quibas
322 863 431 942 Appius
451 872 477 920 et
494 880 565 918 uuas
583 859 759 938 collegarum,
778 863 827 940 qui
840 863 991 941 praecipu?

54 964 168 1022 poenam
182 950 352 1010 meruerant,
373 941 402 998 iu
416 959 552 998 carcerem
567 941 703 1016 conjectt',·
725 942 807 999 celeri
820 943 850 999 ia
864 943 990 1001 exsilium

57 1024 115 1082 acti.
149 1022 216 1089 LX,
231 1023 282 1078 bro.
302 1019 360 1077 llas
372 1028 519 1098 praeterea
533 1027 629 1075 contra
646 1019 772 1088 Sabinos,
786 1029 813 1076 et
834 1019 949 1092 Volscos,
963 1031 990 1080 et

59 1105 165 1182 Aequos
177 1097 311 1178 prospers?
320 1107 414 1176 gestas
427 1096 557 1154 coulioel.
596 1095 705 1154 LXXI.
722 1099 762 1156 Et
771 1119 875 1176 param
892 1097 990 1158 borres·

56 1190 108 1238 tam
124 1176 225 1258 populi
239 1176 533 1254 Romuuijadiciam‚·
556 1174 712 1253 qai,judec
725 1177 798 1234 inter
813 1177 949 1235 Ardeates
963 1187 990 1236 el

57 1259 183 1317 Aricinos
202 1264 336 1334 sumptus,
350 1274 459 1334 ogram,
478 1253 512 1310 tle
531 1274 585 1331 quo
599 1253 797 1332 ambigebatur,
810 1255 864 1314 sibi
876 1257 989 1336 ottly'utlt‘·

57 1348 132 1395 toou.

189 1495 213 1552 1.
236 1493 365 1552 ANTIO
379 1505 469 1568 capto,
485 1492 528 1550 Ti.
548 1494 685 1552 Aemilius
703 1508 732 1554 et
752 1495 787 1558 Q.
806 1493 905 1554 Fabius
924 1517 988 1556 oon-

6 1579 7 1622 Ῑ
56 1579 109 1612 Η·
148 1576 224 1634 sulse
244 1574 323 1630 fiunt.
363 1572 421 1629 Hie
441 1585 499 1630 erat
520 1571 621 1630 Fabius
642 1575 771 1642 Quintus,
785 1576 832 1651 qui
851 1596 922 1634 unns
940 1597 987 1634 ex·

83 1633 105 1679 ⁷·
148 1656 253 1712 tinctae
267 1653 302 1710 ad
317 1652 474 1710 Cremeram
489 1653 566 1726 genti
578 1655 749 1729 superfuerat
758 1665 773 1710 ¹.
812 1655 876 1713 lum
896 1658 987 1734 priore

56 1734 192 1792 consulatu
209 1733 347 1790 Aemilius
366 1732 450 1788 dandi
470 1732 528 1806 agri
548 1731 621 1808 plebi
641 1734 728 1791 fuerat
745 1747 848 1792 auctor.
888 1735 986 1812 Itaque

54 1815 167 1870 secundo
183 1814 295 1888 qubque
315 1811 458 1868 consulatu
473 1811 533 1887 ejus
546 1826 575 1867 et
587 1813 707 1886 agrarii2
728 1834 757 1871 se
777 1817 805 1870 io
825 1834 902 1890 spem
916 1815 985 1892 legis

55 1907 199 1962 erexerant,
222 1906 251 1948 et
265 1890 368 1948 tribuni
390 1898 399 1924 ⁶
413 1910 480 1956 rem,
501 1903 595 1948 contra
608 1893 734 1950 consules
747 1913 828 1968 saepe
842 1907 984 1962 tentatam,

55 1972 195 2048 ‘adjutore
209 1972 307 2046 utique
322 1969 442 2037 consule,
457 1969 573 2026 obtineri
587 1971 674 2046 posse’
690 1971 749 2038 rati,
768 1973 936 2048 suscipiunt;
957 1986 986 2031 et

55 2053 139 2108 consul
155 2052 286 2108 manebat
299 2049 327 2106 in
341 2048 478 2106 sententiis
491 2049 549 2104 sub.
591 2050 765 2108 Possessores
779 2064 914 2126 etmagna
923 2071 985 2128 pars

56 2129 172 2198 Petrum,
196 2139 203 2165 ‘
218 2127 373 2186 tribuniciis
394 2148 423 2184 se
438 2127 543 2204 jactare
557 2129 710 2184 actionibus
724 2129 875 2205 principem
890 2130 984 2188 civita·

54 2209 111 2277 ‘tis,
132 2225 161 2268 et
182 2209 325 2284 largiendo
339 2208 374 2264 de
388 2207 476 2265 alieno
490 2207 650 2284 popularem
664 2207 751 2264 fieri³'
765 2221 919 2283 querentes,
940 2223 983 2268 to·

53 2288 99 2346 tius
118 2289 252 2346 invidiam
273 2288 314 2344 rei
333 2307 350 2344 a
364 2287 480 2344 tribunis
494 2287 522 2342 in
536 2286 676 2344 consulem
691 2301 853 2346 averterant.
894 2292 986 2348 Atrox

53 2379 184 2426 certamen
204 2369 309 2432 aderat,
330 2365 359 2422 ui
373 2365 473 2424 Fabius
493 2366 608 2423 consilio
628 2367 718 2424 neutri
732 2369 802 2443 parti
815 2370 914 2426 acerbo
927 2390 986 2428 rem

53 2449 212 2522 expedisset.
255 2455 263 2479 ‘
278 2446 312 2502 T.
327 2445 452 2508 Quinctii
463 2445 549 2502 ductu
560 2459 589 2502 et
601 2447 724 2523 auspicio
737 2448 795 2522 agri
808 2448 881 2525 capti
895 2449 985 2525 priore

53 2534 138 2584 ‘anno
152 2527 356 2602 aliquantum-a
370 2524 478 2582 Volscis
491 2545 569 2582 esse:
591 2528 718 2593 Antium,
732 2528 921 2603 propinquam,
936 2548 985 2605 op·

53 2613 59 2637 ‘
70 2620 224 2680 parturiam,
236 2617 266 2662 et
279 2604 443 2662 maritimum
453 2604 815 2670 u1·bem,coloniamdetluci
828 2626 926 2683 posse:
947 2607 986 2664 ita

53 2686 124 2742 ‘sine
136 2685 453 2760 quaerelispossessorum
468 2683 575 2759 plebem
589 2685 617 2740 in
631 2704 710 2760 agros
724 2685 831 2752 ituram,
846 2686 986 2744 civitatem

52 2762 336 2822 ‘inconoordibt'ora’
376 2762 458 2819 Haec
468 2763 602 2819 sententia
610 2777 723 2839 accepta
731 2778 797 2842 est..
815 2764 986 2824 Triumviros

51 2862 109 2916 agro
125 2844 220 2901 dando
240 2854 316 2900 creat
337 2841 371 2898 T.
391 2841 564 2908 Quinctium,
580 2843 618 2898 A.
634 2842 798 2918 Virginium,
814 2843 846 2900 P.
862 2842 984 2904 Furium.

51 2921 119 2980 bussi
133 2922 249 2979 nomina
262 2922 335 2988 dare,
349 2921 396 2996 qui
410 2940 505 2996 agrum
520 2922 643 2997 accipere
652 2923 763 2980 vellent.
803 2921 882 2980 Fecit
891 2924 986 2986 statim

51 3001 93 3074 (ut
104 3001 152 3076 fit)
166 3001 309 3058 fastidium
324 3000 420 3077 copia:
441 3000 564 3075 adebque
578 3001 658 3076 pauci
669 3003 896 3071 nominadedere,
911 3004 987 3062 utatl

50 3081 211 3156 explendum
226 3099 371 3154 nnmerum
380 3078 471 3138 coloni
482 3078 575 3138 Volsci
586 3079 599 3110 ⁴
612 3081 794 3139 adderentur:
815 3095 906 3140 cetera
915 3082 986 3143 mul·

80 3226 86 3254 ¹
105 3229 149 3276 See
160 3226 210 3275 end
221 3225 252 3274 of
262 3226 336 3289 Cbnp.
350 3226 391 3274 50.
570 3225 580 3254 ¹
597 3230 703 3290 Agrarii.
716 3229 782 3276 those
794 3229 847 3276 who
859 3228 989 3290 supported

51 3295 86 3340 tbe
96 3296 208 3359 agrarian
220 3294 273 3342 law.
407 3295 417 3323 ⁸
433 3295 587 3350 Tribuaioiis,
599 3297 642 3342 bro.
658 3297 708 3342 that
720 3297 758 3342 tbs
770 3297 830 3348 head
842 3297 871 3344 ol
879 3299 919 3344 the
931 3306 991 3349 state

53 3377 96 3410 rrss
107 3363 206 3425 priding
216 3361 317 3410 himself
324 3377 356 3410 on
365 3362 507 3426 supporting
517 3361 556 3406 the
565 3363 720 3425 proeeetlings
731 3364 760 3412 of
768 3365 808 3410 tbe
816 3364 929 3418 tribunes,
943 3362 990 3412 and

53 3445 96 3476 uss
107 3427 211 3494 making
222 3429 322 3478 himself
335 3430 438 3493 popular
448 3431 479 3491 by
491 3427 589 3490 profuse
600 3428 658 3492 gilts
668 3431 697 3477 of
705 3431 773 3482 other
783 3429 859 3480 men's
869 3436 989 3502 propertp.

51 3497 59 3524 ⁴
78 3498 119 3546 see
130 3514 155 3560 p.
171 3498 213 3556 32,
226 3506 283 3545 note
297 3497 316 3546 l.

505 3578 526 3618 N
