2262 3858
87 303 88 310 Ν
118 215 177 274 ιιι
489 263 492 272 ,
511 188 546 271 ι’.
565 212 668 272 mvn

123 373 243 432 Graecia
255 383 356 439 manet,
377 371 460 433 unius
473 391 558 464 curpe
571 371 815 432 demandabantur.
845 369 1023 446 ¹Principum
1038 370 1072 426 li·

122 454 211 520 beroe,
225 453 297 510 sicut
309 453 365 509 fere
379 452 419 522 fit,
433 453 480 526 qui
491 452 609 510 scientia
617 450 761 508 videbatur
770 449 949 524 praecellere,
962 450 1073 506 erudie-

123 533 178 590 bat.
217 531 247 588 Is
266 551 352 607 quum
372 531 401 587 in
421 551 490 608 pace
509 531 672 590 instituisset
685 549 785 604 pueros
798 542 862 586 ante
876 531 980 586 urbem
996 529 1073 586 lusirs

123 608 324 704 exercendique
344 612 426 668 causi
442 611 610 686 producerJe
629 607 696 666 nihil
713 629 746 666 eo
763 628 839 665 more
853 627 904 684 per
918 608 988 665 belli
1002 620 1072 664 teru-

123 709 176 782 pus
188 691 351 756 intermisso,
366 703 435 758 tum,
447 687 530 746 modi>
539 689 717 756 brevioribus,
726 684 810 745 modo
819 688 998 780 longioribus
1012 707 1072 763 spa·

125 771 179 836 tiis,
189 769 321 827 trahendo
331 789 379 826 eos
392 789 409 826 a
422 770 509 846 portia,
518 771 580 826 lusu
590 769 815 860 sermonibusque
826 767 949 832 variatis,
962 767 1072 841 longiirs

119 849 215 916 solito,
233 850 280 906 ubi
300 869 343 906 res
357 849 441 916 dedit,
463 869 631 924 progressus,
652 848 723 904 iuter
736 847 867 904 stationes
880 867 930 903 eos
947 847 1071 904 bostium

123 942 266 1004 metroque
280 929 343 986 iude
358 929 484 985 Romana
497 928 524 984 in
537 927 703 1004 praetorium
718 927 753 984 ad
768 926 916 984 Camillum
927 927 1072 1002 perduxit.

124 1007 168 1064 Ibi
181 1009 296 1066 scelesto
304 1009 416 1066 facinori
429 1007 613 1065 scelestiorem
623 1025 777 1064 sermonem
787 1005 911 1063 addidit:
927 1005 1071 1063 ‘Falerios
1114 1073 1115 1080 J

124 1095 176 1146 ‘se
190 1088 218 1144 in
232 1107 328 1144 manus
343 1087 476 1146 Romanis
490 1087 650 1153 tradidisse;
670 1085 781 1160 quaudo
797 1105 845 1142 eos
865 1105 979 1161 pueros,
1004 1105 1071 1160 quo·
1114 1143 1115 1146 ,

124 1175 132 1201 ‘
146 1187 207 1226 rum
222 1180 347 1243 parentes
361 1167 451 1242 capita
464 1166 503 1224 ibi
517 1186 607 1223 rerum
621 1167 684 1234 sint,
695 1167 723 1222 in
734 1177 900 1264 potestatem
911 1162 1070 1222 dediderit'
1114 1165 1115 1190 ³

123 1246 204 1310 Quae
217 1247 265 1304 ubi
280 1247 412 1304 Camillus
431 1246 545 1314 audivit,
567 1254 574 1280 ‘
596 1245 661 1302 Non
680 1246 716 1302 ad
733 1242 867 1310 similem,’
888 1244 1018 1319 iuquit,‘
1032 1245 1071 1302 tui
1114 1311 1115 1318 J

124 1334 133 1360 ⁴
146 1346 198 1384 nec
210 1326 352 1418 populum,
367 1345 419 1383 nec
432 1325 633 1401 imperatorem,
654 1323 805 1382 scelestus
798 1343 857 1398 rpse
870 1343 935 1380 cum
951 1323 1070 1382 scelesto
1114 1383 1115 1386 ,

124 1412 132 1440 ‘
146 1425 260 1462 munere
273 1405 381 1462 venisti
423 1405 510 1462 Nobis
519 1425 583 1462 cum
592 1403 713 1471 Faliscis,
724 1423 794 1478 quae
803 1415 884 1477 pacto
893 1403 926 1459 fit
936 1401 1069 1470 humano,
1114 1427 1115 1448 ι

124 1485 262 1542 ‘societas
276 1505 331 1545 non
349 1495 400 1541 est.
442 1485 533 1548 Quam
554 1484 723 1558 ingeneravit
742 1494 847 1548 natura,
869 1483 999 1558 utrisque
1020 1496 1068 1549 est,

124 1563 262 1662 ‘eritque
303 1563 376 1620 Sunt
388 1575 417 1620 et
430 1563 502 1631 belli,
523 1576 595 1620 srcut
607 1582 690 1639 pacis,
708 1561 789 1638 jura.
805 1560 938 1637 justeque
953 1581 999 1630 ea,
1016 1581 1069 1619 non
1114 1577 1115 1664 J

124 1643 238 1699 ‘mimis
259 1641 340 1718 quiam
363 1633 478 1710 lortiter,
500 1642 647 1700 didicimus
667 1659 770 1716 gerere.
812 1644 901 1698 Arma
923 1639 1068 1708 babemus,
1114 1675 1115 1710 J

123 1728 202 1778 ‘nou
215 1723 344 1780 adversus
358 1741 419 1779 eam
436 1734 563 1788 aetatem,
584 1721 630 1778 cui
650 1722 734 1778 etiam
750 1719 837 1796 captis
850 1720 968 1778 urbibus
982 1721 1067 1797 parci·
1114 1715 1115 1782 l

124 1807 133 1834 ⁴
146 1811 208 1868 tur;
227 1802 277 1858 sed
291 1803 420 1858 adversus
434 1813 561 1867 armatos,
582 1813 611 1858 et
624 1802 706 1876 ipsos,
727 1800 784 1875 qui,
799 1819 849 1856 nec
864 1799 943 1866 laesi,
964 1818 1018 1858 nec
1031 1800 1115 1856 la·
1114 1853 1115 1874 ,

124 1881 238 1940 ‘cessiti
252 1901 268 1938 a
283 1880 370 1946 nobis,
385 1894 473 1938 castra
488 1881 663 1938 Romanaad
677 1879 762 1956 Vejos
775 1880 981 1970 oppugnarunt.
1014 1880 1067 1936 Eos
1114 1891 1115 1918 ἒ

126 1967 188 2026 ‘tm
203 1973 337 2052 quantum
357 1961 385 2016 in
406 1973 435 2018 te
454 1961 514 2026 fuit,
535 1979 608 2016 novo
621 1959 723 2016 scelere
737 1957 844 2016 vicisti:
866 1979 919 2033 ego
934 1959 1066 2016 Romanis

125 2045 134 2074 ‘
148 2041 260 2108 artibus,
274 2041 385 2108 virtute,
402 2060 494 2116 opere,
507 2041 598 2106 armis,
612 2039 684 2095 sicut
697 2036 828 2114 Vejos‚'
803 2037 928 2094 vincam?
971 2037 1065 2096 Denu-

125 2119 225 2178 dutum
235 2120 335 2176 deinde
349 2140 422 2185 euru,
444 2121 569 2176 manibus
589 2130 651 2210 post
671 2129 778 2192 tergum
793 2107 913 2191 illigatis,
934 2118 1065 2176 reducen·
1114 2137 1115 2168 ι

123 2198 192 2257 dum
208 2199 328 2257 Falerios
341 2219 433 2275 puens
445 2199 576 2256 tradidit
598 2199 740 2272 virgasque
757 2197 805 2262 eis,
825 2196 926 2271 quibus
945 2197 1063 2272 prodito·
1114 2235 1115 2240 ,

125 2297 183 2334 rem
198 2291 310 2352 agerent
324 2279 352 2333 in
366 2280 461 2334 urbem
476 2277 658 2342 verberantes,
679 2276 765 2333 dedit.
806 2275 854 2331 Ad
868 2277 943 2350 quod
963 2289 1064 2353 specta-
1114 2323 1115 2340 ,

126 2357 219 2412 culum
234 2375 370 2414 concursu
383 2358 478 2433 populi
491 2357 609 2432 primirm
623 2357 705 2422 sacto,
720 2355 819 2412 deinde
833 2374 850 2411 a
864 2355 1063 2446 magistratibus
1114 2343 1115 2428 l

127 2435 162 2492 de
175 2455 205 2492 re
218 2455 290 2492 nova
303 2448 400 2492 vocato
413 2448 518 2500 senatu,
533 2435 734 2492 tantemutatio
745 2433 842 2490 animis
853 2446 895 2490 est
906 2433 1017 2510 injecta,
1028 2447 1063 2500 ut,
1114 2443 1115 2482 l

126 2534 174 2590 qur
166 2511 280 2582 modi),
295 2515 401 2572 efferati
414 2515 591 2594 odientique,
602 2514 782 2590 Vejentium
774 2513 878 2570 exitum
890 2518 973 2588 pene,
988 2514 1064 2590 quim

128 2595 310 2670 Capenatium
325 2614 430 2671 pacem,
438 2585 571 2660 mallent,
592 2595 676 2685 apud
686 2613 733 2650 eos
753 2613 848 2668 pacem
864 2613 996 2652 universa
1007 2614 1063 2670 pos
1114 2597 1115 2640 ἶ

127 2687 203 2730 caret
216 2675 320 2732 civitas.
361 2673 443 2731 Fides
458 2674 592 2739 Romana,
608 2672 718 2765 justitia
731 2673 911 2746 imperatoris,
927 2674 955 2729 in
971 2675 1064 2732 lomet
1114 2689 1115 2712 ι

127 2753 204 2810 curia
218 2755 404 2811 celebrantur:
425 2773 614 2827 consensuque
635 2753 757 2809 omniurn
772 2753 854 2827 legati
871 2753 905 2808 ad
922 2752 1062 2812 Camillum
1114 2767 1115 2832 J

127 2832 156 2888 in
170 2846 266 2901 cestra,
287 2847 370 2908 atque
389 2833 454 2890 inde
474 2833 609 2908 permissu
625 2831 734 2890 Camilli
751 2831 868 2888 Romam
883 2833 919 2888 ad
934 2845 1062 2896 senatum,
1114 2843 1115 2906 ι

127 2931 175 2986 qui
167 2912 321 2970 'dederent
337 2913 464 2980 Falerios,
476 2913 693 2989 proficiscuntur.
725 2905 881 2967 Introducti
894 2911 930 2966 sd
944 2925 1062 2968 senatum
1114 2907 1115 2954 l

127 2991 167 3048 ita
186 2992 271 3048 locuti
295 2993 457 3049 traduntur.
479 2992 600 3048 ‘Patres
622 2991 780 3082 conscripti,
807 2990 930 3056 victoriis,
953 2991 1000 3048 cui
1020 3008 1064 3046 uec
1114 2979 1115 3060 l

128 3079 136 3106 ‘
150 3070 240 3138 Deus,
255 3091 306 3129 nec
320 3071 403 3126 homo
416 3071 560 3146 quisquam
575 3071 703 3136 invideat,
716 3067 782 3126 vieti
795 3069 897 3126 uvobis
911 3084 941 3127 et
954 3070 1063 3146 impera·

127 3158 135 3186 ‘
150 3163 210 3208 tore
223 3163 323 3216 vestro,
344 3151 471 3206 dedimus
484 3170 535 3207 nos
549 3151 642 3216 vobis;
664 3149 728 3216 rati,
745 3169 801 3224 quo
818 3148 884 3204 nihil
899 3149 997 3206 victori
1010 3148 1063 3225 pul·

29 3257 33 3264 ·
127 3237 135 3264 ‘
151 3229 243 3287 chrius
258 3241 308 3295 est,
320 3228 416 3284 melius
429 3249 479 3285 nos
493 3231 544 3286 sub
558 3229 673 3306 imperio
682 3239 782 3296 vestro,
794 3227 875 3304 quium
887 3229 995 3304 legibus
1007 3247 1062 3284 nos·

128 3309 208 3376 ‘tris,
224 3309 352 3366 victuros.
395 3307 505 3364 Eventu
529 3308 609 3387 hujus
631 3308 694 3365 belli
718 3309 774 3364 duo
794 3308 924 3364 salutaria
944 3306 1062 3382 exempla

127 3396 135 3423 ⁴
149 3389 258 3464 prodita
271 3387 391 3444 humano
401 3387 495 3461 generi
509 3403 581 3444 sunt.
602 3387 660 3444 Vos
671 3387 753 3442 fidem
765 3389 793 3443 in
803 3388 884 3455 bello,
899 3385 982 3462 quirin
993 3405 1060 3463 prue-

127 3474 135 3501 ‘
150 3480 256 3524 sentem
270 3467 420 3534 victoriam,
435 3467 587 3524 maluistis:
607 3487 666 3533 nos,
687 3467 741 3523 fide
754 3467 903 3541 provocati,
926 3465 1059 3524 victoriam

127 3546 221 3602 ‘ultro
235 3545 393 3604 detulimus.
435 3544 493 3602 Sub
513 3546 616 3604 ditione
637 3545 727 3602 vestri
743 3565 847 3603 sumus.
887 3545 1005 3614 Mittite,
1018 3542 1059 3619 qui
