2224 3862
441 239 567 300 LIBER
588 239 624 298 =V.
941 241 998 298 303

65 397 902 555 :ttrtrmtotrtatrtirritent,
914 401 998 556 :rr

64 561 143 619 tendis
163 561 308 618 contentio
325 558 394 616 fuit:
415 570 444 616 et
463 557 538 616 haud
557 577 671 633 parrum
692 570 798 614 motum
819 559 875 617 duo
892 559 997 636 judicia

9 687 11 748 t
63 639 332 812 ttttttttl
341 637 996 808 tlttt‘ttllttttt‘tdffitttlttt

58 797 173 875 juniores
186 795 275 856 modo
289 796 445 872 conscripti,
465 797 515 854 sed
530 796 656 854 seniores
675 796 759 854 etium
778 797 868 856 coacti
887 801 998 856 nomina

62 879 127 947 dure,
148 890 181 935 ut
194 878 273 936 urbis
287 875 440 936 custodiam
454 887 579 967 agerent.
616 875 760 972 Quantum
773 888 865 934 autem
879 879 998 953 augeba-

20 987 23 996 ·
61 967 99 1014 tur
120 958 246 1014 militum
268 975 408 1023 numerus,
427 967 505 1014 tanto
524 954 628 1030 majore
648 955 766 1031 pecuniis
782 956 810 1012 in
830 956 998 1032 stipendium

60 1055 122 1113 opus
134 1049 217 1096 erat:
239 1056 326 1112 eaque
339 1035 443 1092 tributo
457 1035 656 1102 conferebatur,
677 1034 770 1092 invitis
783 1035 996 1102 conferentibus.

58 1117 99 1189 qui
118 1116 197 1174 domi
219 1116 406 1183 remanebant,
426 1114 491 1189 quia
509 1114 652 1171 tuentibus
672 1115 768 1172 urbem
782 1115 867 1191 operis
886 1113 996 1190 quoque

58 1194 162 1254 militari
174 1195 367 1262 laborandum,
386 1193 615 1268 serviendumque
629 1193 793 1269 reipublicae
808 1206 875 1252 erut
915 1194 996 1253 Haec

58 1293 101 1348 per
112 1295 142 1334 se
157 1275 264 1351 gravia.
277 1273 431 1348 indigniora
443 1285 476 1330 ut
489 1273 657 1340 viderentur,
670 1272 774 1330 tribuni
785 1274 872 1351 plebis
883 1275 996 1332 seditio·

56 1353 88 1410 sis
100 1354 285 1412 concionibus
297 1351 452 1419 faciebant,
471 1352 536 1410 ideo
545 1371 609 1410 acra
618 1351 750 1410 militibus
763 1354 913 1412 constituta
926 1375 996 1422 esse,

56 1435 229 1508 urguendo‚‘
243 1444 275 1490 ut
289 1431 377 1510 plebis
390 1443 495 1508 partem
510 1431 616 1523 militia,
637 1445 742 1508 partem
759 1433 865 1491 tributo
878 1434 996 1492 confice·

57 1517 140 1572 ‘rent
184 1513 284 1572 Unum
299 1511 403 1570 bellurn
411 1529 514 1569 annum
523 1509 582 1588 jam
592 1511 723 1568 tertium¹
738 1511 817 1580 trabi,
828 1525 857 1570 et
870 1515 995 1572 coosultb

57 1592 143 1650 ‘male
157 1592 229 1668 geri,
250 1604 283 1649 ut
296 1591 400 1648 diutins
417 1601 522 1666 gerant.
562 1589 597 1648 In
611 1603 728 1665 quatuor
741 1592 842 1650 deinde
855 1593 926 1650 bella
939 1614 996 1652 uno

58 1671 186 1730 ‘delectu
208 1669 346 1729 exercitus
362 1671 487 1746 scriptos,
507 1681 536 1728 et
556 1689 657 1746 pueros
673 1670 783 1747 qnoque
803 1692 835 1730 ac
855 1691 935 1731 senes
948 1693 997 1730 err-

56 1755 186 1809 ‘tmctoa
227 1750 292 1808 Jam
312 1769 369 1808 non
389 1750 500 1808 aestatis
519 1769 572 1807 neo
590 1748 689 1808 hiemis
708 1749 856 1810 discrimen
869 1749 939 1822 e'sre,
959 1774 995 1811 ne

55 1829 126 1888 ‘ulls
139 1829 224 1906 quies
237 1849 357 1904 unquam
373 1830 488 1887 miserae
501 1828 575 1905 plebi
589 1829 642 1886 sit:
665 1847 734 1904 qnae
748 1831 917 1892 nuncetiam
932 1851 995 1890 vec-

56 1907 162 1984 ‘tigalis
177 1909 216 1968 ad
227 1909 357 1966 ultimum
370 1909 443 1967 facta
455 1908 509 1974 sit;
531 1919 572 1975 ut,
585 1927 672 1981 quum
687 1911 812 1966 conlecta
824 1910 925 1977 labore,
934 1911 994 1968 vul·

55 1993 63 2021 ⁴
74 1988 195 2056 neribus,
205 1984 346 2064 postremo
354 1998 444 2046 aetate
452 2004 567 2062 corpora
575 1985 726 2053 retulerint,
734 1987 891 2062 incultaque
902 1991 995 2048 omnia

54 2065 183 2126 ‘diutino
197 2066 371 2124 dominorum
385 2064 543 2124 desiderio²
558 2064 803 2134 domiinvenerint,
812 2067 946 2125 tributum
957 2089 993 2126 ex

54 2145 173 2205 ‘affecta
187 2166 218 2205 re
227 2145 352 2204 familiari
365 2145 504 2222 pendant;
522 2161 640 2218 aeraque
650 2144 785 2213 militaria,
797 2145 872 2204 velut
881 2148 993 2207 foenore

54 2229 197 2316 ‘occepta
218 2225 382 2301 multiplicia
400 2223 567 2300 reipublicae
589 2223 723 2315 reddant!
759 2225 836 2284 Inter
853 2226 992 2286 delectum

52 2303 250 2397 tributumque,
261 2315 289 2363 et
303 2315 452 2380 occupatos
465 2304 571 2361 animos
584 2302 719 2380 majorum
736 2324 827 2362 rerum
841 2305 924 2374 curis,
945 2328 992 2365 oo-

52 2383 131 2442 mitiis
144 2384 320 2444 tribunorum
333 2383 421 2460 plebis
434 2402 565 2442 numerus
575 2383 680 2460 expleri
689 2385 803 2461 nequiit
832 2381 990 2462 Pugnatum

51 2461 147 2531 inde,
139 2484 171 2522 ιιι
191 2465 251 2522 loca
264 2483 350 2524 vacua
362 2475 395 2520 ut
407 2463 514 2538 patmon
527 2474 729 2539 cooptarentur.
770 2465 921 2541 Postquam
941 2468 991 2524 ob-

51 2541 128 2600 tineri
149 2562 207 2602 non
231 2555 348 2619 poterat,
378 2555 469 2600 tamen
495 2542 698 2603 labefactandae
723 2544 792 2620 legis
815 2544 990 2604 Treboniae⁸

51 2623 130 2680 musa
143 2621 276 2680 effectum
289 2635 341 2689 est,
356 2634 387 2679 ιιι
400 2633 593 2714 cooptarentur
606 2623 708 2680 tribuni
716 2623 847 2699 plebisC
856 2623 988 2683 Lacerius

50 2713 76 2757 et
88 2699 133 2758 M.
137 2693 281 2772 Acutius,
295 2700 369 2758 baud
382 2701 466 2758 dubie
478 2701 654 2777 patriciorum
668 2702 776 2778 opibus.

85 2779 138 2841 XI.
160 2779 249 2838 Fors
242 2795 281 2839 ita
293 2781 365 2847 tulit
386 2792 418 2838 ut
434 2800 469 2838 eo
486 2799 558 2837 anno
572 2779 799 2857 tribunusplebis
813 2781 868 2842 Cn.
882 2783 988 2842 Trebo-

50 2857 108 2916 nius
122 2873 207 2926 esset,
227 2861 275 2936 qui
288 2859 393 2918 nomini
409 2879 442 2918 ao
461 2859 579 2916 familiae
592 2859 716 2918 debitum
730 2871 868 2936 praestare
881 2864 988 2922 videre·

49 2947 92 2994 tur
106 2939 263 2998 Treboniae
276 2940 343 3015 legis
354 2938 546 3014 patrocinium.
587 2937 625 3006 Is,
641 2946 648 2973 ‘
662 2939 737 3014 quod
747 2942 880 3016 petissent
891 2943 987 3002 Patres

50 3018 191 3092 ‘quidam
205 3019 295 3096 primo
308 3019 419 3094 incepto
432 3017 543 3095 repulsi,
563 3030 655 3076 tomen
669 3019 793 3076 tribunos
806 3020 924 3080 militnm
939 3044 987 3082 ex-

79 3175 85 3204 ¹
105 3177 179 3226 From
192 3178 233 3226 tbe
243 3176 299 3226 data
310 3178 340 3226 of
348 3177 387 3226 the
398 3175 450 3225 first
460 3176 589 3224 formation
600 3177 630 3224 of
638 3192 652 3225 a
660 3177 745 3226 winter
756 3193 835 3242 camp.
871 3181 930 3230 Tbis
938 3198 986 3230 war

48 3242 84 3290 tbe
101 3243 156 3292 fifth
168 3260 225 3308 year
242 3246 271 3294 ot'
284 3247 324 3294 the
335 3260 384 3292 war
400 3243 471 3294 itself.
546 3239 556 3268 ¹
574 3245 653 3294 There
669 3261 709 3292 are
726 3261 798 3309 many
815 3248 917 3296 words
910 3265 936 3296 ιιι
953 3250 985 3296 ιιι

46 3309 178 3382 languages
195 3312 319 3376 involving
336 3311 401 3360 ideas
418 3328 445 3359 so
461 3309 627 3388 complicated,
642 3313 693 3360 that
710 3329 742 3361 no
759 3313 836 3376 single
857 3315 923 3364 word
942 3332 985 3364 can

46 3373 158 3427 translate
170 3381 245 3430 them
281 3381 351 3430 Thus
362 3382 503 3430 deusdonam
514 3393 539 3424 ιιι
557 3377 629 3426 Latin
641 3379 743 3441 rmplrea
759 3380 780 3428 l.
794 3381 855 3429 Loss
866 3382 895 3428 ol
903 3397 932 3428 an
945 3387 989 3430 ob-

48 3446 109 3508 ject3
129 3447 153 3496 2.
171 3449 263 3511 Regret
279 3447 317 3495 for
334 3448 385 3494 that
399 3447 465 3503 loss;
484 3445 507 3494 3.
530 3445 554 3492 Α
569 3443 646 3494 desire
661 3457 687 3494 to
703 3461 786 3510 regam
798 3447 823 3494 ιι
862 3448 930 3495 Here
942 3449 990 3496 ele

48 3515 132 3579 guntly
144 3516 241 3576 applied
257 3525 283 3564 to
299 3516 340 3564 the
357 3515 406 3562 loss
421 3511 542 3562 suetained
554 3513 586 3576 by
598 3515 637 3560 tbe
651 3513 716 3572 lund,
728 3514 791 3562 from
803 3515 843 3560 tbe
853 3515 953 3564 absence
964 3517 993 3564 of

51 3583 91 3632 the
101 3583 248 3647 proprieturs
257 3589 282 3645 ιι
292 3583 332 3632 the
343 3581 416 3645 siege.
486 3580 495 3608 ⁸
513 3580 557 3628 See
569 3579 624 3630 111.
638 3581 678 3632 65·

994 3798 1001 3814 ι
1101 3747 1102 3813 l
