2230 3846
419 197 544 256 LIBER
566 195 622 255 111.
938 201 997 262 163

85 356 156 423 enuit,
174 367 204 413 ut
223 359 299 412 ‘non
314 355 427 422 bellum,
448 357 497 414 sed
509 375 606 414 vanam
620 355 766 431 imaginem
781 359 854 428 belli,
869 360 904 418 ad
917 361 995 418 arer-¹

85 437 179 493 ‘tendes
197 437 231 492 ab
252 435 322 510 legis
342 436 408 492 curin
427 436 514 512 plebis
533 437 647 502 animos,
667 435 833 512 Capitolium
855 437 996 496 insedisse’

82 515 271 572 contenderent:
293 514 490 590 ‘patriciorum
511 514 632 592 hospites
652 515 827 592 clientesque,
849 517 872 573 si
893 519 998 592 perlatti

83 593 144 668 ‘lege
156 593 253 650 frustra
267 594 448 651 tumultuatos
462 613 522 651 esse
535 615 565 650 se
578 594 705 660 sentiant,
720 596 832 671 majore,
854 595 935 671 quim
950 617 996 654 ve·

82 672 177 738 ‘norint
195 672 305 730 silentio
325 671 464 728 abituros!
506 673 661 730 Concilium
677 673 740 729 inde
754 675 807 749 legi
821 677 996 750 perferendae

79 749 166 816 haltere,
179 764 294 810 avocato
307 752 410 827 populo
422 753 456 808 ab
470 753 560 808 armis.
602 752 734 810 Senatum
748 753 857 810 interim
871 756 997 812 consules

79 829 167 896 liabent,
186 831 241 888 elio
262 851 292 888 se
312 829 415 906 majore
434 831 469 887 eb
489 829 605 888 tribunis
624 843 702 888 metu
722 833 893 902 ostendente,
914 833 995 909 quiam

79 929 141 982 quern
154 925 304 967 nocturnus
317 908 404 966 hostis
417 909 554 967 intulerat.

107 987 192 1044 XVII.
214 990 366 1064 Postquam
391 999 488 1046 ‘orme
507 989 582 1064 poni,
603 1001 631 1046 et
651 988 792 1047 discedere
813 987 937 1047 hominen
962 992 997 1049 ab

81 1067 251 1124 ‘notionibus’
266 1069 424 1125 nunciatum
439 1080 490 1135 est,
506 1069 539 1124 P.
557 1067 690 1134 Valerius,
706 1069 811 1144 collegi
821 1083 944 1125 senatum
956 1089 998 1127 re-

79 1145 170 1211 tinente,
185 1168 214 1204 se
229 1167 266 1204 ex
280 1147 356 1204 curiit
368 1147 492 1223 proripit,
507 1147 571 1203 inde
585 1147 612 1202 in
627 1147 759 1223 ternplum
774 1149 809 1204 ad
820 1148 943 1204 tribunos
953 1169 999 1206 re·

21 1251 22 1332 p
80 1225 123 1280 nit:
141 1225 237 1289 ‘Quid
263 1225 316 1284 hoo
337 1227 376 1283 rei
396 1226 455 1292 est‚’
472 1225 569 1300 inquit,
599 1225 752 1284 ‘tribunii
777 1227 834 1302 Ap.
862 1226 1000 1284 Herdonii

21 1333 22 1340 .
80 1303 166 1361 ‘ductu
186 1317 214 1362 et
235 1305 360 1382 auspicio
379 1306 575 1380 rempublicam
596 1306 716 1362 eversuri
736 1306 824 1362 estis?
846 1305 915 1363 Tam
936 1306 1001 1363 felix

20 1349 25 1441 l
79 1383 158 1440 ‘robis
177 1383 387 1460 corrumpendis
400 1385 460 1450 fuit,
481 1385 529 1459 qui
549 1384 659 1441 servitia
673 1397 762 1442 vestra
781 1403 835 1441 nou
852 1387 1001 1443 commorit

21 1504 25 1530 ,
79 1464 198 1521 ‘auctori
221 1464 320 1527 Quum
340 1462 432 1520 hostes
452 1483 535 1538 supra
554 1475 637 1539 caput
656 1463 719 1529 sint,
741 1464 844 1521 discedi
862 1465 896 1521 ab
909 1465 1000 1534 armis,

21 1539 25 1607 l
79 1541 209 1616 ‘legesque
223 1544 289 1599 ferri
303 1543 393 1618 placet
402 1541 424 1598 i'
446 1543 515 1599 lude
536 1543 570 1598 ad
584 1542 789 1599 multitudinem
804 1543 928 1601 oratione
940 1563 999 1601 rer·

22 1662 23 1668 ,
80 1620 115 1675 ai:
133 1622 182 1679 ‘si
196 1642 248 1678 vos
262 1622 344 1688 urbis,
360 1621 492 1687 Quirites,
507 1621 530 1676 si
540 1622 624 1678 vestri
634 1621 707 1678 nulla
718 1641 782 1679 cura
792 1623 895 1698 langiu
916 1635 1001 1680 atros

21 1675 28 1769 l
81 1701 213 1758 ‘veremini
227 1700 308 1758 Deos
320 1714 431 1766 vestros,
441 1699 476 1756 ab
487 1699 610 1756 hostibus
619 1713 722 1776 ceptor.
761 1701 872 1777 Jupiter
882 1702 1002 1777 optimus

22 1796 23 1847 g
81 1779 227 1847 ‘munimus
240 1779 318 1838 Juno
331 1779 432 1854 regina,
442 1793 471 1836 et
485 1779 613 1836 Minerva
623 1779 642 1847 ¹,
658 1780 703 1836 alii
717 1778 766 1836 Dii
781 1780 915 1856 Deaeque
929 1781 1002 1838 obsi·

82 1857 188 1916 'lentus
234 1858 332 1916 Castra
345 1875 484 1915 servorum
499 1858 625 1932 publicos
634 1871 738 1914 vestros
751 1861 883 1933 penates²
900 1872 1003 1918 tenent.

82 1934 165 1996 ‘Haec
174 1938 254 1996 vobis
268 1939 354 1994 forma
367 1937 580 1994 senae‘civitatis
593 1937 725 1994 videtur?
748 1937 867 1994 'sentum
883 1937 1003 1995 hostium

22 2079 23 2082 Ἰ
82 2023 142 2074 ‘non
154 2017 242 2074 solium
257 2017 328 2074 intre
342 2037 434 2074 muros
447 2028 498 2082 est,
513 2017 562 2073 secl
576 2015 603 2070 in
618 2035 680 2072 arce
693 2035 775 2090 snpra
788 2018 876 2072 forum
888 2018 1004 2074 curiam·

82 2101 157 2170 ‘qne:
177 2095 291 2154 comitia
310 2095 419 2154 interim
440 2095 467 2152 in
487 2095 546 2152 foro
566 2107 646 2150 sunt:
673 2107 783 2150 senatus
803 2097 831 2150 in
852 2095 927 2152 curiit
947 2107 1006 2162 est;

22 2201 23 2230 1
82 2175 161 2232 ‘velut
179 2195 266 2252 quum
288 2175 375 2232 otium
396 2187 515 2248 superet,
536 2187 646 2229 senator
665 2173 827 2230 sententiam
849 2174 933 2231 dicit:
960 2175 1006 2232 elii

21 2246 23 2276 ³
81 2253 209 2316 ‘Quirites
231 2253 390 2330 suffragium
409 2254 514 2310 ineunt.
556 2252 620 2308 Non
634 2251 764 2326 quicquid
780 2251 891 2310 Petrum
906 2254 1005 2330 plebis-

81 2339 142 2406 ‘que
160 2348 211 2402 est,
234 2333 368 2399 consules,
390 2332 523 2398 tribunos,
539 2331 616 2388 Deos
625 2331 646 2398 ³,
661 2330 839 2406 hominesque
853 2353 948 2390 omues
962 2353 1004 2391 ar·

81 2417 174 2470 ‘matos
188 2432 271 2490 opem
286 2413 363 2480 ferre,
379 2411 407 2468 in
422 2411 590 2487 Capitolium
604 2431 721 2480 currere,
736 2412 848 2470 liberare
861 2432 894 2470 ec
907 2432 1005 2489 pacare

80 2567 200 2626 calamitles,
221 2569 269 2618 and
285 2580 310 2618 at
326 2571 377 2618 that
394 2569 452 2617 time
468 2578 494 2615 to
510 2572 569 2618 hare
585 2572 645 2618 been
657 2568 733 2617 lulled
745 2568 796 2617 into
807 2570 910 2618 inection
923 2573 954 2632 by
967 2571 1007 2617 the

81 2645 152 2686 terrors
162 2640 192 2687 of
199 2655 214 2684 a
227 2638 320 2700 foreign
332 2638 379 2684 foe.
417 2639 468 2685 But
478 2639 530 2692 this,
539 2637 626 2684 almost
637 2639 667 2698 by
677 2637 708 2684 its
718 2637 795 2700 single
805 2639 899 2700 weight,
910 2637 1006 2700 presred

79 2715 130 2752 most
140 2706 232 2768 heavily
244 2722 310 2766 upon
323 2706 362 2752 the
373 2704 458 2766 falling
468 2703 572 2766 pillurof
581 2706 620 2750 tlne
632 2713 699 2752 state.
737 2705 767 2752 ln
778 2705 824 2752 tlnis
832 2708 961 2754 somewhat
969 2705 1007 2752 irt-

80 2770 148 2821 tricnte
156 2789 265 2836 passage,
278 2772 373 2820 Crevier
381 2771 487 2833 destroys
496 2791 542 2821 nnn
550 2777 672 2830 credendo,
680 2788 706 2818 ns
714 2788 744 2818 an
756 2787 913 2835 unuecessery
923 2774 988 2835 gloss
999 2795 1004 2822 :

80 2838 191 2897 (fornicei,
210 2856 250 2887 see
267 2857 290 2901 p.
310 2840 363 2896 t09,
382 2849 437 2886 note
449 2838 485 2898 4).
515 2842 591 2901 lll'any
603 2849 787 2886 commentators
800 2840 852 2904 join
870 2852 964 2890 tuntum
982 2851 1007 2888 to

79 2913 240 2968 screantibus.
258 2908 284 2954 in
296 2909 335 2954 the
347 2923 415 2954 sense
426 2907 456 2954 of
469 2922 495 2953 so
506 2908 587 2954 much.
620 2908 699 2955 Stroth
715 2908 794 2968 points
806 2909 846 2956 tlte
857 2920 967 2956 sentence
982 2925 1009 2956 es

80 2987 108 3020 tre
116 2976 169 3024 heve
178 2976 250 3032 done,
261 2974 405 3037 connecting
412 2984 506 3024 tontum
515 2975 572 3021 with
581 2978 674 3024 timebat
684 2995 693 3021 .·
707 2976 746 3021 the
755 2991 819 3023 seme
828 2975 894 3022 critic
903 2975 1010 3038 destroys
1090 3003 1093 3010 ι

81 3059 118 3101 que
127 3043 186 3092 efter
197 3055 257 3093 tune.
338 3043 344 3070 ¹
361 3043 390 3090 ln
404 3043 443 3090 the
455 3041 543 3103 cepitol
553 3044 618 3090 there
627 3057 689 3088 were
698 3043 797 3103 temples
808 3043 901 3091 ereeted
910 3053 935 3091 to
945 3045 1010 3092 these

81 3109 135 3157 three
145 3111 273 3158 divinities.
388 3110 398 3138 ¹
415 3111 467 3158 The
480 3116 579 3160 Penates
590 3125 652 3156 were
663 3109 738 3158 either
745 3114 840 3172 publici,
853 3112 904 3158 tlnat
914 3111 942 3167 is,
955 3112 1010 3172 they
1092 3117 1094 3130 ⁴

82 3190 133 3224 were
143 3179 217 3228 either
228 3177 290 3241 gods
301 3177 450 3239 worshipped
462 3179 493 3239 by
505 3179 544 3224 tlte
556 3187 623 3232 state,
636 3177 683 3224 end
694 3176 725 3224 its
737 3178 855 3238 supposed
873 3187 1009 3240 protectors,

82 3258 104 3288 ⁰¹
113 3251 203 3306 monti,
227 3245 289 3308 gods
305 3245 418 3307 standing
436 3247 461 3292 in
479 3246 519 3292 the
535 3261 600 3292 same
621 3244 721 3290 relation
740 3255 765 3292 to
785 3245 875 3306 private
897 3244 1007 3292 families.

82 3309 89 3336 ¹
105 3313 244 3371 Gronovius,
262 3313 286 3360 in
305 3313 375 3361 order
392 3324 417 3360 to
434 3327 542 3374 preserve
554 3314 593 3359 the
604 3312 762 3370 anti-climax,
779 3312 847 3359 reads
859 3315 923 3360 cioca.
963 3311 1010 3357 For

83 3377 120 3426 this
130 3383 192 3428 there
204 3395 281 3428 seems
292 3391 317 3428 to
329 3383 358 3428 be
370 3396 401 3428 no
414 3379 538 3441 necessity,
550 3396 583 3438 as,
596 3379 757 3440 immediately
769 3379 836 3436 afier,
851 3375 961 3424 Valerius
972 3376 1009 3421 in-

82 3448 142 3496 rokes
153 3464 199 3498 one
211 3448 240 3496 of
249 3449 288 3496 the
300 3447 368 3510 gods,
385 3445 512 3496 Romulus.
