<?xml version="1.0" encoding="UTF-8"?>
<!DOCTYPE html PUBLIC "-//W3C//DTD XHTML 1.0 Transitional//EN"
    "http://www.w3.org/TR/xhtml1/DTD/xhtml1-transitional.dtd">
<html xmlns="http://www.w3.org/1999/xhtml" xml:lang="en" lang="en">
 <head>
  <title>
</title>
<meta http-equiv="Content-Type" content="text/html;charset=utf-8" />
  <meta name='ocr-system' content='tesseract 3.04.00' />
  <meta name='ocr-capabilities' content='ocr_page ocr_carea ocr_par ocr_line ocrx_word'/>
</head>
<body>
  <div class='ocr_page' id='page_1' title='image "./titiliviipatavi04livygoog_0249.png"; bbox 0 0 2224 3862; ppageno 0'>
   <div class='ocr_carea' id='block_1_1' title="bbox 461 195 1026 256">
    <p class='ocr_par' dir='ltr' id='par_1_1' title="bbox 461 195 1026 256">
     <span class='ocr_line' id='line_1_1' title="bbox 461 195 1026 256; baseline 0 -1"><span class='ocrx_word' id='word_1_1' title='bbox 461 195 585 256; x_wconf 88' lang='lat' dir='ltr'><strong>LIBER</strong></span> <span class='ocrx_word' id='word_1_2' title='bbox 607 195 659 256; x_wconf 91' lang='lat' dir='ltr'>lV.</span> <span class='ocrx_word' id='word_1_3' title='bbox 969 197 1026 256; x_wconf 79' lang='lat'>287</span> 
     </span>
    </p>
   </div>
   <div class='ocr_carea' id='block_1_2' title="bbox 7 353 1025 3128">
    <p class='ocr_par' dir='ltr' id='par_1_2' title="bbox 74 353 1025 906">
     <span class='ocr_line' id='line_1_2' title="bbox 80 353 1025 431; baseline -0.001 -19"><span class='ocrx_word' id='word_1_4' title='bbox 80 354 257 414; x_wconf 84' lang='lat' dir='ltr'>neeessariam</span> <span class='ocrx_word' id='word_1_5' title='bbox 269 365 287 422; x_wconf 92' lang='lat'>¹,</span> <span class='ocrx_word' id='word_1_6' title='bbox 316 353 400 430; x_wconf 76' lang='lat' dir='ltr'>qulam</span> <span class='ocrx_word' id='word_1_7' title='bbox 426 355 544 430; x_wconf 74' lang='lat' dir='ltr'><strong>speciosi</strong></span> <span class='ocrx_word' id='word_1_8' title='bbox 567 355 714 414; x_wconf 87' lang='lat' dir='ltr'>ministerii</span> <span class='ocrx_word' id='word_1_9' title='bbox 736 353 958 431; x_wconf 86' lang='lat' dir='ltr'>procurationem</span> <span class='ocrx_word' id='word_1_10' title='bbox 982 353 1025 412; x_wconf 90' lang='lat' dir='ltr'>in-</span> 
     </span>
     <span class='ocr_line' id='line_1_3' title="bbox 79 431 1022 511; baseline -0.001 -19"><span class='ocrx_word' id='word_1_11' title='bbox 79 447 195 502; x_wconf 86' lang='lat' dir='ltr'>tuentes,</span> <span class='ocrx_word' id='word_1_12' title='bbox 210 455 245 492; x_wconf 91' lang='lat' dir='ltr'>ne</span> <span class='ocrx_word' id='word_1_13' title='bbox 259 435 289 490; x_wconf 88' lang='lat' dir='ltr'>in</span> <span class='ocrx_word' id='word_1_14' title='bbox 303 436 394 511; x_wconf 83' lang='lat' dir='ltr'>parvis</span> <span class='ocrx_word' id='word_1_15' title='bbox 410 431 520 510; x_wconf 68' lang='lat' dir='ltr'>queque</span> <span class='ocrx_word' id='word_1_16' title='bbox 531 437 612 492; x_wconf 89' lang='lat' dir='ltr'>rebus</span> <span class='ocrx_word' id='word_1_17' title='bbox 621 435 796 493; x_wconf 78' lang='lat' dir='ltr'>incommode</span> <span class='ocrx_word' id='word_1_18' title='bbox 805 435 1022 502; x_wconf 78' lang='lat' dir='ltr'>adversarentur,</span> 
     </span>
     <span class='ocr_line' id='line_1_4' title="bbox 78 513 1022 591; baseline 0 -21"><span class='ocrx_word' id='word_1_19' title='bbox 78 513 147 572; x_wconf 89' lang='lat' dir='ltr'>haud</span> <span class='ocrx_word' id='word_1_20' title='bbox 167 517 234 572; x_wconf 76' lang='lat' dir='ltr'>sane</span> <span class='ocrx_word' id='word_1_21' title='bbox 255 514 409 571; x_wconf 88' lang='lat' dir='ltr'>tetendere.</span> <span class='ocrx_word' id='word_1_22' title='bbox 449 513 543 577; x_wconf 83' lang='lat' dir='ltr'>Quum</span> <span class='ocrx_word' id='word_1_23' title='bbox 564 535 582 572; x_wconf 86' lang='lat' dir='ltr'>a</span> <span class='ocrx_word' id='word_1_24' title='bbox 601 514 767 591; x_wconf 85' lang='lat' dir='ltr'>primoribus</span> <span class='ocrx_word' id='word_1_25' title='bbox 780 513 899 571; x_wconf 85' lang='lat' dir='ltr'>civitatis</span> <span class='ocrx_word' id='word_1_26' title='bbox 913 527 1022 590; x_wconf 87' lang='lat' dir='ltr'>spretus</span> 
     </span>
     <span class='ocr_line' id='line_1_5' title="bbox 77 591 1021 669; baseline 0.002 -21"><span class='ocrx_word' id='word_1_27' title='bbox 77 592 159 649; x_wconf 89' lang='lat' dir='ltr'>honor</span> <span class='ocrx_word' id='word_1_28' title='bbox 173 605 257 659; x_wconf 89' lang='lat' dir='ltr'>esset,</span> <span class='ocrx_word' id='word_1_29' title='bbox 275 593 416 669; x_wconf 89' lang='lat' dir='ltr'>Papirium</span> <span class='ocrx_word' id='word_1_30' title='bbox 432 591 689 669; x_wconf 76' lang='lat' dir='ltr'>Semproniumque,</span> <span class='ocrx_word' id='word_1_31' title='bbox 700 612 817 668; x_wconf 88' lang='lat' dir='ltr'>quorum</span> <span class='ocrx_word' id='word_1_32' title='bbox 832 593 1021 650; x_wconf 81' lang='lat' dir='ltr'>deconsulatu</span> 
     </span>
     <span class='ocr_line' id='line_1_6' title="bbox 76 671 1020 748; baseline 0.001 -21"><span class='ocrx_word' id='word_1_33' title='bbox 76 673 226 739; x_wconf 89' lang='lat' dir='ltr'>dubitatur,</span> <span class='ocrx_word' id='word_1_34' title='bbox 245 687 279 729; x_wconf 90' lang='lat' dir='ltr'>ut</span> <span class='ocrx_word' id='word_1_35' title='bbox 299 692 333 728; x_wconf 90' lang='lat' dir='ltr'>eo</span> <span class='ocrx_word' id='word_1_36' title='bbox 354 671 514 746; x_wconf 84' lang='lat' dir='ltr'>magistratu</span> <span class='ocrx_word' id='word_1_37' title='bbox 534 692 630 748; x_wconf 87' lang='lat' dir='ltr'>parum</span> <span class='ocrx_word' id='word_1_38' title='bbox 651 673 770 729; x_wconf 89' lang='lat' dir='ltr'>solidam</span> <span class='ocrx_word' id='word_1_39' title='bbox 785 673 958 729; x_wconf 85' lang='lat' dir='ltr'>consulatum</span> <span class='ocrx_word' id='word_1_40' title='bbox 972 691 1020 730; x_wconf 83' lang='lat' dir='ltr'>ex-</span> 
     </span>
     <span class='ocr_line' id='line_1_7' title="bbox 74 751 1020 828; baseline 0.002 -21"><span class='ocrx_word' id='word_1_41' title='bbox 74 751 186 825; x_wconf 88' lang='lat' dir='ltr'>plerent,</span> <span class='ocrx_word' id='word_1_42' title='bbox 200 752 299 810; x_wconf 88' lang='lat' dir='ltr'>censui</span> <span class='ocrx_word' id='word_1_43' title='bbox 312 753 419 826; x_wconf 85' lang='lat' dir='ltr'>agendo</span> <span class='ocrx_word' id='word_1_44' title='bbox 430 752 548 828; x_wconf 89' lang='lat' dir='ltr'>populns</span> <span class='ocrx_word' id='word_1_45' title='bbox 556 752 692 828; x_wconf 80' lang='lat' dir='ltr'>suffragiis</span> <span class='ocrx_word' id='word_1_46' title='bbox 700 751 841 828; x_wconf 81' lang='lat' dir='ltr'>praefecit.</span> <span class='ocrx_word' id='word_1_47' title='bbox 883 751 1020 809; x_wconf 74' lang='lat' dir='ltr'>Censores</span> 
     </span>
     <span class='ocr_line' id='line_1_8' title="bbox 74 831 383 906; baseline 0 -20"><span class='ocrx_word' id='word_1_48' title='bbox 74 831 103 886; x_wconf 86' lang='lat' dir='ltr'>ab</span> <span class='ocrx_word' id='word_1_49' title='bbox 116 850 146 887; x_wconf 88' lang='lat' dir='ltr'>re</span> <span class='ocrx_word' id='word_1_50' title='bbox 161 831 296 906; x_wconf 90' lang='lat' dir='ltr'>appellati</span> <span class='ocrx_word' id='word_1_51' title='bbox 310 844 383 887; x_wconf 89' lang='lat' dir='ltr'>sunt.</span> 
     </span>
    </p>

    <p class='ocr_par' dir='ltr' id='par_1_3' title="bbox 6 908 1018 3128">
     <span class='ocr_line' id='line_1_9' title="bbox 109 908 1018 986; baseline 0 -20"><span class='ocrx_word' id='word_1_52' title='bbox 109 908 162 966; x_wconf 89' lang='lat' dir='ltr'>IX.</span> <span class='ocrx_word' id='word_1_53' title='bbox 184 910 266 966; x_wconf 90' lang='lat' dir='ltr'>Dum</span> <span class='ocrx_word' id='word_1_54' title='bbox 281 909 349 966; x_wconf 83' lang='lat' dir='ltr'>haec</span> <span class='ocrx_word' id='word_1_55' title='bbox 364 910 471 968; x_wconf 86' lang='lat' dir='ltr'>Romae</span> <span class='ocrx_word' id='word_1_56' title='bbox 484 923 625 986; x_wconf 80' lang='lat' dir='ltr'>geruntur,</span> <span class='ocrx_word' id='word_1_57' title='bbox 638 909 721 986; x_wconf 76' lang='lat' dir='ltr'>legati</span> <span class='ocrx_word' id='word_1_58' title='bbox 735 909 770 967; x_wconf 90' lang='lat' dir='ltr'>ab</span> <span class='ocrx_word' id='word_1_59' title='bbox 785 909 881 967; x_wconf 74' lang='lat' dir='ltr'>Ardeh</span> <span class='ocrx_word' id='word_1_60' title='bbox 894 909 1018 978; x_wconf 85' lang='lat' dir='ltr'>veniunt,</span> 
     </span>
     <span class='ocr_line' id='line_1_10' title="bbox 7 989 1016 1066; baseline 0.005 -23"><span class='ocrx_word' id='word_1_61' title='bbox 7 1045 8 1058; x_wconf 26' lang='lat' dir='ltr'>q</span> <span class='ocrx_word' id='word_1_62' title='bbox 72 1007 118 1063; x_wconf 90' lang='lat' dir='ltr'>pro</span> <span class='ocrx_word' id='word_1_63' title='bbox 131 990 284 1046; x_wconf 72' lang='lat' dir='ltr'>veterrimi</span> <span class='ocrx_word' id='word_1_64' title='bbox 295 989 427 1046; x_wconf 86' lang='lat' dir='ltr'>societate</span> <span class='ocrx_word' id='word_1_65' title='bbox 440 1003 624 1066; x_wconf 81' lang='lat' dir='ltr'>renovatoque</span> <span class='ocrx_word' id='word_1_66' title='bbox 638 990 748 1047; x_wconf 67' lang='lat' dir='ltr'>insedere</span> <span class='ocrx_word' id='word_1_67' title='bbox 756 990 868 1057; x_wconf 86' lang='lat' dir='ltr'>recenti,</span> <span class='ocrx_word' id='word_1_68' title='bbox 882 989 1016 1048; x_wconf 84' lang='lat' dir='ltr'>auxilium</span> 
     </span>
     <span class='ocr_line' id='line_1_11' title="bbox 71 1068 1018 1146; baseline -0.002 -20.128"><span class='ocrx_word' id='word_1_69' title='bbox 71 1086 153 1144; x_wconf 82' lang='lat' dir='ltr'>prope</span> <span class='ocrx_word' id='word_1_70' title='bbox 174 1088 289 1126; x_wconf 84' lang='lat' dir='ltr'>eversae</span> <span class='ocrx_word' id='word_1_71' title='bbox 308 1068 369 1124; x_wconf 90' lang='lat' dir='ltr'>urbi</span> <span class='ocrx_word' id='word_1_72' title='bbox 382 1068 566 1144; x_wconf 78' lang='lat' dir='ltr'>implorantes.</span> <span class='ocrx_word' id='word_1_73' title='bbox 608 1069 674 1126; x_wconf 85' lang='lat' dir='ltr'>Frui</span> <span class='ocrx_word' id='word_1_74' title='bbox 689 1089 806 1144; x_wconf 87' lang='lat' dir='ltr'>namque</span> <span class='ocrx_word' id='word_1_75' title='bbox 819 1088 896 1146; x_wconf 88' lang='lat' dir='ltr'>pace,</span> <span class='ocrx_word' id='word_1_76' title='bbox 911 1068 1018 1145; x_wconf 89' lang='lat' dir='ltr'>optimo</span> 
     </span>
     <span class='ocr_line' id='line_1_12' title="bbox 70 1147 1017 1224; baseline 0.002 -22"><span class='ocrx_word' id='word_1_77' title='bbox 70 1147 185 1203; x_wconf 86' lang='lat' dir='ltr'>oonsilio</span> <span class='ocrx_word' id='word_1_78' title='bbox 199 1167 263 1204; x_wconf 91' lang='lat' dir='ltr'>cum</span> <span class='ocrx_word' id='word_1_79' title='bbox 277 1147 382 1224; x_wconf 90' lang='lat' dir='ltr'>populo</span> <span class='ocrx_word' id='word_1_80' title='bbox 396 1148 524 1205; x_wconf 82' lang='lat' dir='ltr'>Romano</span> <span class='ocrx_word' id='word_1_81' title='bbox 537 1149 652 1216; x_wconf 71' lang='lat' dir='ltr'>servata,</span> <span class='ocrx_word' id='word_1_82' title='bbox 666 1167 715 1224; x_wconf 89' lang='lat' dir='ltr'>per</span> <span class='ocrx_word' id='word_1_83' title='bbox 728 1149 858 1206; x_wconf 84' lang='lat' dir='ltr'>intestina</span> <span class='ocrx_word' id='word_1_84' title='bbox 870 1167 945 1206; x_wconf 89' lang='lat' dir='ltr'>arma</span> <span class='ocrx_word' id='word_1_85' title='bbox 960 1165 1017 1204; x_wconf 88' lang='lat' dir='ltr'>non</span> 
     </span>
     <span class='ocr_line' id='line_1_13' title="bbox 69 1225 1016 1303; baseline 0.003 -23"><span class='ocrx_word' id='word_1_86' title='bbox 69 1225 163 1292; x_wconf 89' lang='lat' dir='ltr'>licuit;</span> <span class='ocrx_word' id='word_1_87' title='bbox 183 1247 301 1302; x_wconf 89' lang='lat' dir='ltr'>quorum</span> <span class='ocrx_word' id='word_1_88' title='bbox 323 1245 406 1284; x_wconf 87' lang='lat' dir='ltr'>cauea</span> <span class='ocrx_word' id='word_1_89' title='bbox 431 1240 514 1303; x_wconf 89' lang='lat' dir='ltr'>atque</span> <span class='ocrx_word' id='word_1_90' title='bbox 537 1227 646 1284; x_wconf 90' lang='lat' dir='ltr'>initium</span> <span class='ocrx_word' id='word_1_91' title='bbox 668 1228 785 1284; x_wconf 84' lang='lat' dir='ltr'>truditur</span> <span class='ocrx_word' id='word_1_92' title='bbox 807 1247 843 1285; x_wconf 85' lang='lat' dir='ltr'>ex</span> <span class='ocrx_word' id='word_1_93' title='bbox 866 1226 1016 1284; x_wconf 89' lang='lat' dir='ltr'>certamine</span> 
     </span>
     <span class='ocr_line' id='line_1_14' title="bbox 68 1304 1016 1383; baseline -0.001 -21"><span class='ocrx_word' id='word_1_94' title='bbox 68 1306 221 1362; x_wconf 81' lang='lat' dir='ltr'>factionum</span> <span class='ocrx_word' id='word_1_95' title='bbox 235 1319 345 1364; x_wconf 89' lang='lat' dir='ltr'>ortum:</span> <span class='ocrx_word' id='word_1_96' title='bbox 366 1325 436 1381; x_wconf 89' lang='lat' dir='ltr'>quae</span> <span class='ocrx_word' id='word_1_97' title='bbox 446 1307 522 1364; x_wconf 82' lang='lat' dir='ltr'>fuere</span> <span class='ocrx_word' id='word_1_98' title='bbox 533 1319 667 1382; x_wconf 90' lang='lat' dir='ltr'>eruntque</span> <span class='ocrx_word' id='word_1_99' title='bbox 675 1307 799 1382; x_wconf 89' lang='lat' dir='ltr'>pluribus</span> <span class='ocrx_word' id='word_1_100' title='bbox 809 1306 918 1383; x_wconf 91' lang='lat' dir='ltr'>populis</span> <span class='ocrx_word' id='word_1_101' title='bbox 928 1304 1016 1381; x_wconf 80' lang='lat' dir='ltr'>magis</span> 
     </span>
     <span class='ocr_line' id='line_1_15' title="bbox 69 1381 1016 1461; baseline 0.005 -22"><span class='ocrx_word' id='word_1_102' title='bbox 69 1385 163 1452; x_wconf 85' lang='lat' dir='ltr'>exitio,</span> <span class='ocrx_word' id='word_1_103' title='bbox 193 1384 277 1460; x_wconf 71' lang='lat' dir='ltr'>quem</span> <span class='ocrx_word' id='word_1_104' title='bbox 299 1381 370 1441; x_wconf 90' lang='lat' dir='ltr'>bella</span> <span class='ocrx_word' id='word_1_105' title='bbox 391 1399 511 1451; x_wconf 84' lang='lat' dir='ltr'>externa,</span> <span class='ocrx_word' id='word_1_106' title='bbox 533 1386 614 1461; x_wconf 72' lang='lat' dir='ltr'>quiam</span> <span class='ocrx_word' id='word_1_107' title='bbox 632 1387 718 1446; x_wconf 83' lang='lat' dir='ltr'>fames</span> <span class='ocrx_word' id='word_1_108' title='bbox 738 1388 868 1455; x_wconf 83' lang='lat' dir='ltr'>morbive,</span> <span class='ocrx_word' id='word_1_109' title='bbox 889 1403 1016 1461; x_wconf 80' lang='lat' dir='ltr'>quaeque</span> 
     </span>
     <span class='ocr_line' id='line_1_16' title="bbox 69 1464 1015 1542; baseline 0 -21"><span class='ocrx_word' id='word_1_110' title='bbox 69 1464 117 1521; x_wconf 85' lang='lat' dir='ltr'>alia</span> <span class='ocrx_word' id='word_1_111' title='bbox 131 1466 163 1522; x_wconf 91' lang='lat' dir='ltr'>in</span> <span class='ocrx_word' id='word_1_112' title='bbox 178 1465 275 1522; x_wconf 81' lang='lat' dir='ltr'>Derim</span> <span class='ocrx_word' id='word_1_113' title='bbox 289 1465 352 1532; x_wconf 89' lang='lat' dir='ltr'>iras,</span> <span class='ocrx_word' id='word_1_114' title='bbox 366 1465 441 1522; x_wconf 90' lang='lat' dir='ltr'>velut</span> <span class='ocrx_word' id='word_1_115' title='bbox 450 1465 549 1522; x_wconf 85' lang='lat' dir='ltr'>ultime</span> <span class='ocrx_word' id='word_1_116' title='bbox 558 1465 731 1542; x_wconf 87' lang='lat' dir='ltr'>publicorum</span> <span class='ocrx_word' id='word_1_117' title='bbox 740 1467 883 1533; x_wconf 88' lang='lat' dir='ltr'>malornm,</span> <span class='ocrx_word' id='word_1_118' title='bbox 896 1477 1015 1522; x_wconf 74' lang='lat' dir='ltr'>renunt.</span> 
     </span>
     <span class='ocr_line' id='line_1_17' title="bbox 68 1541 1014 1622; baseline 0.004 -24"><span class='ocrx_word' id='word_1_119' title='bbox 68 1541 213 1619; x_wconf 86' lang='lat' dir='ltr'>Virginem</span> <span class='ocrx_word' id='word_1_120' title='bbox 234 1544 333 1620; x_wconf 89' lang='lat' dir='ltr'>plebeii</span> <span class='ocrx_word' id='word_1_121' title='bbox 350 1545 466 1620; x_wconf 81' lang='lat' dir='ltr'>generis,</span> <span class='ocrx_word' id='word_1_122' title='bbox 488 1546 606 1602; x_wconf 78' lang='lat' dir='ltr'>maxime</span> <span class='ocrx_word' id='word_1_123' title='bbox 626 1546 714 1602; x_wconf 66' lang='lat' dir='ltr'>forma</span> <span class='ocrx_word' id='word_1_124' title='bbox 733 1559 836 1614; x_wconf 82' lang='lat' dir='ltr'>notam,</span> <span class='ocrx_word' id='word_1_125' title='bbox 855 1545 959 1622; x_wconf 71' lang='lat' dir='ltr'>potiere</span> <span class='ocrx_word' id='word_1_126' title='bbox 967 1544 1014 1621; x_wconf 82' lang='lat' dir='ltr'>jo·</span> 
     </span>
     <span class='ocr_line' id='line_1_18' title="bbox 69 1623 1014 1700; baseline 0.005 -25"><span class='ocrx_word' id='word_1_127' title='bbox 69 1641 167 1680; x_wconf 83' lang='lat' dir='ltr'>renes:</span> <span class='ocrx_word' id='word_1_128' title='bbox 188 1623 259 1682; x_wconf 87' lang='lat' dir='ltr'>alter</span> <span class='ocrx_word' id='word_1_129' title='bbox 272 1623 370 1698; x_wconf 82' lang='lat' dir='ltr'>virgini</span> <span class='ocrx_word' id='word_1_130' title='bbox 389 1643 490 1698; x_wconf 80' lang='lat' dir='ltr'>genera</span> <span class='ocrx_word' id='word_1_131' title='bbox 507 1644 564 1700; x_wconf 86' lang='lat' dir='ltr'>par,</span> <span class='ocrx_word' id='word_1_132' title='bbox 585 1626 722 1682; x_wconf 86' lang='lat' dir='ltr'>tutoribus</span> <span class='ocrx_word' id='word_1_133' title='bbox 742 1627 836 1692; x_wconf 84' lang='lat' dir='ltr'>fretus,</span> <span class='ocrx_word' id='word_1_134' title='bbox 858 1625 905 1700; x_wconf 86' lang='lat' dir='ltr'>qui</span> <span class='ocrx_word' id='word_1_135' title='bbox 919 1635 948 1681; x_wconf 93' lang='lat' dir='ltr'>et</span> <span class='ocrx_word' id='word_1_136' title='bbox 961 1623 1014 1700; x_wconf 88' lang='lat' dir='ltr'>ipsi</span> 
     </span>
     <span class='ocr_line' id='line_1_19' title="bbox 69 1700 1012 1781; baseline 0.004 -25"><span class='ocrx_word' id='word_1_137' title='bbox 69 1700 193 1777; x_wconf 85' lang='lat' dir='ltr'>ejusdem</span> <span class='ocrx_word' id='word_1_138' title='bbox 209 1703 351 1778; x_wconf 81' lang='lat' dir='ltr'>corporis²</span> <span class='ocrx_word' id='word_1_139' title='bbox 364 1717 460 1769; x_wconf 80' lang='lat' dir='ltr'>erant3</span> <span class='ocrx_word' id='word_1_140' title='bbox 479 1704 577 1760; x_wconf 92' lang='lat' dir='ltr'>nobilis</span> <span class='ocrx_word' id='word_1_141' title='bbox 590 1705 667 1772; x_wconf 88' lang='lat' dir='ltr'>alter,</span> <span class='ocrx_word' id='word_1_142' title='bbox 682 1705 756 1762; x_wconf 70' lang='lat' dir='ltr'>nulli</span> <span class='ocrx_word' id='word_1_143' title='bbox 769 1725 807 1772; x_wconf 87' lang='lat' dir='ltr'>re,</span> <span class='ocrx_word' id='word_1_144' title='bbox 822 1716 1012 1781; x_wconf 79' lang='lat' dir='ltr'>praeterquam</span> 
     </span>
     <span class='ocr_line' id='line_1_20' title="bbox 68 1781 1013 1861; baseline 0.005 -26"><span class='ocrx_word' id='word_1_145' title='bbox 68 1782 161 1850; x_wconf 69' lang='lat' dir='ltr'>forma,</span> <span class='ocrx_word' id='word_1_146' title='bbox 177 1793 285 1857; x_wconf 91' lang='lat' dir='ltr'>captus.</span> <span class='ocrx_word' id='word_1_147' title='bbox 328 1781 505 1860; x_wconf 84' lang='lat' dir='ltr'>Adjuvabant</span> <span class='ocrx_word' id='word_1_148' title='bbox 518 1803 581 1840; x_wconf 91' lang='lat' dir='ltr'>eum</span> <span class='ocrx_word' id='word_1_149' title='bbox 591 1785 765 1861; x_wconf 87' lang='lat' dir='ltr'>optimatium</span> <span class='ocrx_word' id='word_1_150' title='bbox 774 1785 873 1851; x_wconf 84' lang='lat' dir='ltr'>studia,</span> <span class='ocrx_word' id='word_1_151' title='bbox 883 1801 933 1860; x_wconf 86' lang='lat' dir='ltr'>per</span> <span class='ocrx_word' id='word_1_152' title='bbox 942 1801 1013 1858; x_wconf 86' lang='lat' dir='ltr'>quae</span> 
     </span>
     <span class='ocr_line' id='line_1_21' title="bbox 68 1857 1013 1941; baseline 0.004 -27"><span class='ocrx_word' id='word_1_153' title='bbox 68 1860 93 1918; x_wconf 94' lang='lat' dir='ltr'>in</span> <span class='ocrx_word' id='word_1_154' title='bbox 107 1862 226 1920; x_wconf 90' lang='lat' dir='ltr'>domum</span> <span class='ocrx_word' id='word_1_155' title='bbox 237 1857 347 1937; x_wconf 77' lang='lat' dir='ltr'>qnhque</span> <span class='ocrx_word' id='word_1_156' title='bbox 356 1863 462 1937; x_wconf 87' lang='lat' dir='ltr'>puellae</span> <span class='ocrx_word' id='word_1_157' title='bbox 472 1875 609 1922; x_wconf 88' lang='lat' dir='ltr'>certamen</span> <span class='ocrx_word' id='word_1_158' title='bbox 621 1864 739 1938; x_wconf 90' lang='lat' dir='ltr'>partium</span> <span class='ocrx_word' id='word_1_159' title='bbox 751 1863 912 1941; x_wconf 87' lang='lat' dir='ltr'>penetravit.</span> <span class='ocrx_word' id='word_1_160' title='bbox 954 1861 1013 1918; x_wconf 90' lang='lat' dir='ltr'>No-</span> 
     </span>
     <span class='ocr_line' id='line_1_22' title="bbox 67 1939 1013 2018; baseline 0.002 -24"><span class='ocrx_word' id='word_1_161' title='bbox 67 1939 126 1997; x_wconf 86' lang='lat' dir='ltr'>bilis</span> <span class='ocrx_word' id='word_1_162' title='bbox 146 1941 276 2018; x_wconf 84' lang='lat' dir='ltr'>superior</span> <span class='ocrx_word' id='word_1_163' title='bbox 286 1940 394 2016; x_wconf 87' lang='lat' dir='ltr'>jndieio</span> <span class='ocrx_word' id='word_1_164' title='bbox 412 1943 506 1999; x_wconf 87' lang='lat' dir='ltr'>matris</span> <span class='ocrx_word' id='word_1_165' title='bbox 520 1963 588 2006; x_wconf 86' lang='lat' dir='ltr'>esse,</span> <span class='ocrx_word' id='word_1_166' title='bbox 603 1961 674 2017; x_wconf 89' lang='lat' dir='ltr'>quae</span> <span class='ocrx_word' id='word_1_167' title='bbox 688 1941 769 2017; x_wconf 71' lang='lat' dir='ltr'>quem</span> <span class='ocrx_word' id='word_1_168' title='bbox 784 1940 1013 2017; x_wconf 82' lang='lat' dir='ltr'>splendidissimis</span> 
     </span>
     <span class='ocr_line' id='line_1_23' title="bbox 67 2017 1016 2098; baseline -0.002 -22"><span class='ocrx_word' id='word_1_169' title='bbox 67 2021 168 2096; x_wconf 84' lang='lat' dir='ltr'>nuptiis</span> <span class='ocrx_word' id='word_1_170' title='bbox 177 2021 261 2098; x_wconf 81' lang='lat' dir='ltr'>jungi</span> <span class='ocrx_word' id='word_1_171' title='bbox 275 2020 392 2096; x_wconf 90' lang='lat' dir='ltr'>puellam</span> <span class='ocrx_word' id='word_1_172' title='bbox 407 2019 524 2079; x_wconf 83' lang='lat' dir='ltr'>volebat.</span> <span class='ocrx_word' id='word_1_173' title='bbox 566 2021 685 2078; x_wconf 87' lang='lat' dir='ltr'>Tutores</span> <span class='ocrx_word' id='word_1_174' title='bbox 698 2023 727 2077; x_wconf 90' lang='lat' dir='ltr'>in</span> <span class='ocrx_word' id='word_1_175' title='bbox 740 2021 773 2078; x_wconf 70' lang='lat' dir='ltr'>eia</span> <span class='ocrx_word' id='word_1_176' title='bbox 786 2017 897 2095; x_wconf 70' lang='lat' dir='ltr'>queque</span> <span class='ocrx_word' id='word_1_177' title='bbox 910 2039 940 2075; x_wconf 88' lang='lat' dir='ltr'>re</span> <span class='ocrx_word' id='word_1_178' title='bbox 950 2037 1016 2094; x_wconf 59' lang='lat' dir='ltr'>parv</span> 
     </span>
     <span class='ocr_line' id='line_1_24' title="bbox 67 2097 1012 2175; baseline -0.001 -20"><span class='ocrx_word' id='word_1_179' title='bbox 67 2100 133 2156; x_wconf 89' lang='lat' dir='ltr'>tium</span> <span class='ocrx_word' id='word_1_180' title='bbox 155 2119 305 2167; x_wconf 87' lang='lat' dir='ltr'>memores,</span> <span class='ocrx_word' id='word_1_181' title='bbox 326 2100 361 2156; x_wconf 89' lang='lat' dir='ltr'>ad</span> <span class='ocrx_word' id='word_1_182' title='bbox 381 2120 462 2158; x_wconf 87' lang='lat' dir='ltr'>sunm</span> <span class='ocrx_word' id='word_1_183' title='bbox 483 2099 596 2158; x_wconf 86' lang='lat' dir='ltr'>tendere</span> <span class='ocrx_word' id='word_1_184' title='bbox 605 2098 626 2155; x_wconf 83' lang='lat'>³.</span> <span class='ocrx_word' id='word_1_185' title='bbox 667 2100 761 2164; x_wconf 85' lang='lat' dir='ltr'>Quum</span> <span class='ocrx_word' id='word_1_186' title='bbox 777 2118 820 2155; x_wconf 89' lang='lat' dir='ltr'>res</span> <span class='ocrx_word' id='word_1_187' title='bbox 833 2099 927 2175; x_wconf 81' lang='lat' dir='ltr'>peregi</span> <span class='ocrx_word' id='word_1_188' title='bbox 941 2097 1012 2154; x_wconf 89' lang='lat' dir='ltr'>intra</span> 
     </span>
     <span class='ocr_line' id='line_1_25' title="bbox 66 2177 1010 2255; baseline -0.003 -18"><span class='ocrx_word' id='word_1_189' title='bbox 66 2180 184 2254; x_wconf 84' lang='lat' dir='ltr'>parietes</span> <span class='ocrx_word' id='word_1_190' title='bbox 204 2181 354 2254; x_wconf 81' lang='lat' dir='ltr'>nequisset,</span> <span class='ocrx_word' id='word_1_191' title='bbox 368 2191 480 2236; x_wconf 83' lang='lat' dir='ltr'>ventum</span> <span class='ocrx_word' id='word_1_192' title='bbox 495 2178 579 2255; x_wconf 89' lang='lat' dir='ltr'>injus</span> <span class='ocrx_word' id='word_1_193' title='bbox 592 2191 643 2236; x_wconf 87' lang='lat' dir='ltr'>est.</span> <span class='ocrx_word' id='word_1_194' title='bbox 685 2178 830 2237; x_wconf 88' lang='lat' dir='ltr'>Postulatu</span> <span class='ocrx_word' id='word_1_195' title='bbox 844 2177 939 2234; x_wconf 83' lang='lat' dir='ltr'>audito</span> <span class='ocrx_word' id='word_1_196' title='bbox 953 2195 1010 2234; x_wconf 83' lang='lat' dir='ltr'>rna·</span> 
     </span>
     <span class='ocr_line' id='line_1_26' title="bbox 66 2256 1013 2336; baseline 0 -22"><span class='ocrx_word' id='word_1_197' title='bbox 66 2259 113 2315; x_wconf 88' lang='lat' dir='ltr'>trie</span> <span class='ocrx_word' id='word_1_198' title='bbox 121 2271 314 2332; x_wconf 86' lang='lat' dir='ltr'>tutorumque,</span> <span class='ocrx_word' id='word_1_199' title='bbox 323 2259 497 2332; x_wconf 79' lang='lat' dir='ltr'>magistratus</span> <span class='ocrx_word' id='word_1_200' title='bbox 505 2258 784 2336; x_wconf 87' lang='lat' dir='ltr'>secundumparentis</span> <span class='ocrx_word' id='word_1_201' title='bbox 793 2257 934 2316; x_wconf 85' lang='lat' dir='ltr'>arbitrium</span> <span class='ocrx_word' id='word_1_202' title='bbox 944 2256 1013 2314; x_wconf 83' lang='lat' dir='ltr'>dant</span> 
     </span>
     <span class='ocr_line' id='line_1_27' title="bbox 61 2335 1014 2415; baseline -0.003 -20"><span class='ocrx_word' id='word_1_203' title='bbox 61 2336 108 2412; x_wconf 86' lang='lat' dir='ltr'>jus</span> <span class='ocrx_word' id='word_1_204' title='bbox 116 2339 287 2414; x_wconf 86' lang='lat' dir='ltr'>nuptiarum.</span> <span class='ocrx_word' id='word_1_205' title='bbox 323 2337 379 2395; x_wconf 86' lang='lat' dir='ltr'>Sed</span> <span class='ocrx_word' id='word_1_206' title='bbox 388 2339 428 2394; x_wconf 84' lang='lat' dir='ltr'>ris</span> <span class='ocrx_word' id='word_1_207' title='bbox 438 2338 645 2415; x_wconf 84' lang='lat' dir='ltr'>potentiorfuit.</span> <span class='ocrx_word' id='word_1_208' title='bbox 680 2337 808 2413; x_wconf 91' lang='lat' dir='ltr'>Namque</span> <span class='ocrx_word' id='word_1_209' title='bbox 816 2349 930 2402; x_wconf 85' lang='lat' dir='ltr'>tutores,</span> <span class='ocrx_word' id='word_1_210' title='bbox 938 2335 1014 2393; x_wconf 89' lang='lat' dir='ltr'>inter</span> 
     </span>
     <span class='ocr_line' id='line_1_28' title="bbox 67 2415 1010 2494; baseline -0.004 -20"><span class='ocrx_word' id='word_1_211' title='bbox 67 2417 226 2494; x_wconf 86' lang='lat' dir='ltr'>susepartis</span> <span class='ocrx_word' id='word_1_212' title='bbox 236 2415 361 2473; x_wconf 86' lang='lat' dir='ltr'>homines</span> <span class='ocrx_word' id='word_1_213' title='bbox 378 2418 413 2474; x_wconf 89' lang='lat' dir='ltr'>de</span> <span class='ocrx_word' id='word_1_214' title='bbox 424 2417 520 2493; x_wconf 67' lang='lat' dir='ltr'>injuriis</span> <span class='ocrx_word' id='word_1_215' title='bbox 529 2418 632 2475; x_wconf 83' lang='lat' dir='ltr'>decreti</span> <span class='ocrx_word' id='word_1_216' title='bbox 644 2417 770 2493; x_wconf 74' lang='lat' dir='ltr'>palentin</span> <span class='ocrx_word' id='word_1_217' title='bbox 780 2415 1010 2482; x_wconf 83' lang='lat' dir='ltr'>feroconcioneti,</span> 
     </span>
     <span class='ocr_line' id='line_1_29' title="bbox 66 2495 1012 2574; baseline -0.005 -20"><span class='ocrx_word' id='word_1_218' title='bbox 66 2496 232 2554; x_wconf 68' lang='lat' dir='ltr'>manufacti</span> <span class='ocrx_word' id='word_1_219' title='bbox 245 2495 376 2570; x_wconf 86' lang='lat' dir='ltr'>virginem</span> <span class='ocrx_word' id='word_1_220' title='bbox 387 2517 422 2553; x_wconf 87' lang='lat' dir='ltr'>ex</span> <span class='ocrx_word' id='word_1_221' title='bbox 432 2497 515 2553; x_wconf 89' lang='lat' dir='ltr'>dome</span> <span class='ocrx_word' id='word_1_222' title='bbox 524 2499 617 2554; x_wconf 88' lang='lat' dir='ltr'>matris</span> <span class='ocrx_word' id='word_1_223' title='bbox 630 2499 747 2574; x_wconf 86' lang='lat' dir='ltr'>rapiunt.</span> <span class='ocrx_word' id='word_1_224' title='bbox 792 2497 932 2553; x_wconf 87' lang='lat' dir='ltr'>Adversus</span> <span class='ocrx_word' id='word_1_225' title='bbox 941 2513 1012 2569; x_wconf 91' lang='lat' dir='ltr'>qnos</span> 
     </span>
     <span class='ocr_line' id='line_1_30' title="bbox 66 2572 1012 2651; baseline 0 -19"><span class='ocrx_word' id='word_1_226' title='bbox 66 2577 189 2633; x_wconf 82' lang='lat' dir='ltr'>infestior</span> <span class='ocrx_word' id='word_1_227' title='bbox 209 2589 304 2634; x_wconf 86' lang='lat' dir='ltr'>coortu</span> <span class='ocrx_word' id='word_1_228' title='bbox 321 2576 494 2651; x_wconf 87' lang='lat' dir='ltr'>optimatium</span> <span class='ocrx_word' id='word_1_229' title='bbox 515 2578 588 2634; x_wconf 89' lang='lat' dir='ltr'>acies</span> <span class='ocrx_word' id='word_1_230' title='bbox 608 2578 732 2651; x_wconf 87' lang='lat' dir='ltr'>sequitur</span> <span class='ocrx_word' id='word_1_231' title='bbox 751 2595 898 2633; x_wconf 88' lang='lat' dir='ltr'>accensum</span> <span class='ocrx_word' id='word_1_232' title='bbox 911 2572 1012 2649; x_wconf 67' lang='lat' dir='ltr'>injuriis</span> 
     </span>
     <span class='ocr_line' id='line_1_31' title="bbox 61 2653 1011 2732; baseline -0.002 -20"><span class='ocrx_word' id='word_1_233' title='bbox 61 2654 201 2730; x_wconf 85' lang='lat' dir='ltr'>juvenem.</span> <span class='ocrx_word' id='word_1_234' title='bbox 235 2654 289 2712; x_wconf 84' lang='lat' dir='ltr'>·Fit</span> <span class='ocrx_word' id='word_1_235' title='bbox 305 2655 438 2731; x_wconf 86' lang='lat' dir='ltr'>praelium</span> <span class='ocrx_word' id='word_1_236' title='bbox 453 2669 540 2712; x_wconf 84' lang='lat' dir='ltr'>atrox.</span> <span class='ocrx_word' id='word_1_237' title='bbox 582 2655 665 2714; x_wconf 88' lang='lat' dir='ltr'>Pulsa</span> <span class='ocrx_word' id='word_1_238' title='bbox 678 2656 763 2732; x_wconf 87' lang='lat' dir='ltr'>plebs,</span> <span class='ocrx_word' id='word_1_239' title='bbox 784 2653 850 2710; x_wconf 86' lang='lat' dir='ltr'>nihil</span> <span class='ocrx_word' id='word_1_240' title='bbox 868 2655 1011 2712; x_wconf 86' lang='lat' dir='ltr'>Romanae</span> 
     </span>
     <span class='ocr_line' id='line_1_32' title="bbox 65 2734 1010 2810; baseline -0.004 -18"><span class='ocrx_word' id='word_1_241' title='bbox 65 2735 136 2809; x_wconf 87' lang='lat' dir='ltr'>plebi</span> <span class='ocrx_word' id='word_1_242' title='bbox 156 2734 265 2800; x_wconf 89' lang='lat' dir='ltr'>similis,</span> <span class='ocrx_word' id='word_1_243' title='bbox 285 2749 389 2791; x_wconf 85' lang='lat' dir='ltr'>armata</span> <span class='ocrx_word' id='word_1_244' title='bbox 409 2755 445 2791; x_wconf 86' lang='lat' dir='ltr'>ex</span> <span class='ocrx_word' id='word_1_245' title='bbox 464 2735 532 2792; x_wconf 87' lang='lat' dir='ltr'>urbe</span> <span class='ocrx_word' id='word_1_246' title='bbox 552 2736 683 2810; x_wconf 87' lang='lat' dir='ltr'>profecta,</span> <span class='ocrx_word' id='word_1_247' title='bbox 702 2734 772 2792; x_wconf 90' lang='lat' dir='ltr'>colle</span> <span class='ocrx_word' id='word_1_248' title='bbox 786 2734 905 2808; x_wconf 87' lang='lat' dir='ltr'>quodam</span> <span class='ocrx_word' id='word_1_249' title='bbox 919 2743 1010 2808; x_wconf 89' lang='lat' dir='ltr'>capto,</span> 
     </span>
     <span class='ocr_line' id='line_1_33' title="bbox 65 2811 1012 2889; baseline 0 -19"><span class='ocrx_word' id='word_1_250' title='bbox 65 2814 92 2870; x_wconf 90' lang='lat' dir='ltr'>in</span> <span class='ocrx_word' id='word_1_251' title='bbox 111 2833 193 2889; x_wconf 81' lang='lat' dir='ltr'>egros</span> <span class='ocrx_word' id='word_1_252' title='bbox 212 2813 387 2888; x_wconf 83' lang='lat' dir='ltr'>optimatium</span> <span class='ocrx_word' id='word_1_253' title='bbox 412 2834 475 2870; x_wconf 88' lang='lat' dir='ltr'>curn</span> <span class='ocrx_word' id='word_1_254' title='bbox 498 2813 570 2870; x_wconf 79' lang='lat' dir='ltr'>ferro</span> <span class='ocrx_word' id='word_1_255' title='bbox 596 2814 708 2889; x_wconf 83' lang='lat' dir='ltr'>ignique</span> <span class='ocrx_word' id='word_1_256' title='bbox 736 2813 912 2870; x_wconf 88' lang='lat' dir='ltr'>excursiones</span> <span class='ocrx_word' id='word_1_257' title='bbox 935 2811 1012 2870; x_wconf 83' lang='lat' dir='ltr'>facit.</span> 
     </span>
     <span class='ocr_line' id='line_1_34' title="bbox 66 2889 1011 2968; baseline -0.003 -17"><span class='ocrx_word' id='word_1_258' title='bbox 66 2893 170 2952; x_wconf 87' lang='lat' dir='ltr'>Urbem</span> <span class='ocrx_word' id='word_1_259' title='bbox 185 2889 307 2968; x_wconf 77' lang='lat' dir='ltr'>quhque,</span> <span class='ocrx_word' id='word_1_260' title='bbox 318 2892 407 2949; x_wconf 86' lang='lat' dir='ltr'>omnis</span> <span class='ocrx_word' id='word_1_261' title='bbox 417 2893 499 2950; x_wconf 88' lang='lat' dir='ltr'>etiam</span> <span class='ocrx_word' id='word_1_262' title='bbox 510 2907 651 2968; x_wconf 87' lang='lat' dir='ltr'>expertem</span> <span class='ocrx_word' id='word_1_263' title='bbox 660 2895 724 2950; x_wconf 75' lang='lat' dir='ltr'>anth</span> <span class='ocrx_word' id='word_1_264' title='bbox 735 2892 891 2949; x_wconf 80' lang='lat' dir='ltr'>certaminis</span> <span class='ocrx_word' id='word_1_265' title='bbox 902 2889 925 2958; x_wconf 86' lang='lat'>⁴,</span> <span class='ocrx_word' id='word_1_266' title='bbox 939 2890 1011 2948; x_wconf 92' lang='lat' dir='ltr'>mul·</span> 
     </span>
     <span class='ocr_line' id='line_1_35' title="bbox 65 2971 1012 3048; baseline -0.001 -21"><span class='ocrx_word' id='word_1_267' title='bbox 65 2972 183 3030; x_wconf 86' lang='lat' dir='ltr'>titudine</span> <span class='ocrx_word' id='word_1_268' title='bbox 204 2973 334 3047; x_wconf 87' lang='lat' dir='ltr'>opificum</span> <span class='ocrx_word' id='word_1_269' title='bbox 354 2972 390 3028; x_wconf 93' lang='lat' dir='ltr'>ad</span> <span class='ocrx_word' id='word_1_270' title='bbox 410 2992 487 3048; x_wconf 89' lang='lat' dir='ltr'>spem</span> <span class='ocrx_word' id='word_1_271' title='bbox 507 2973 627 3048; x_wconf 77' lang='lat' dir='ltr'>praedae</span> <span class='ocrx_word' id='word_1_272' title='bbox 645 2973 767 3038; x_wconf 70' lang='lat' dir='ltr'>evocati,</span> <span class='ocrx_word' id='word_1_273' title='bbox 785 2971 910 3028; x_wconf 88' lang='lat' dir='ltr'>obsidere</span> <span class='ocrx_word' id='word_1_274' title='bbox 924 2981 1012 3045; x_wconf 80' lang='lat' dir='ltr'>parnt.</span> 
     </span>
     <span class='ocr_line' id='line_1_36' title="bbox 64 3049 1012 3128; baseline 0.002 -22"><span class='ocrx_word' id='word_1_275' title='bbox 64 3049 123 3110; x_wconf 85' lang='lat' dir='ltr'>Nec</span> <span class='ocrx_word' id='word_1_276' title='bbox 137 3053 194 3108; x_wconf 90' lang='lat' dir='ltr'>ulla</span> <span class='ocrx_word' id='word_1_277' title='bbox 208 3051 314 3128; x_wconf 89' lang='lat' dir='ltr'>species</span> <span class='ocrx_word' id='word_1_278' title='bbox 326 3051 472 3126; x_wconf 79' lang='lat' dir='ltr'>cladesque</span> <span class='ocrx_word' id='word_1_279' title='bbox 486 3051 550 3108; x_wconf 91' lang='lat' dir='ltr'>belli</span> <span class='ocrx_word' id='word_1_280' title='bbox 563 3053 656 3118; x_wconf 84' lang='lat' dir='ltr'>uhest;</span> <span class='ocrx_word' id='word_1_281' title='bbox 676 3051 753 3108; x_wconf 87' lang='lat' dir='ltr'>velut</span> <span class='ocrx_word' id='word_1_282' title='bbox 762 3052 889 3109; x_wconf 77' lang='lat' dir='ltr'>contacta</span> <span class='ocrx_word' id='word_1_283' title='bbox 899 3050 1012 3108; x_wconf 83' lang='lat' dir='ltr'>civitate</span> 
     </span>
    </p>
   </div>
   <div class='ocr_carea' id='block_1_3' title="bbox 62 3197 1102 3600">
    <p class='ocr_par' dir='ltr' id='par_1_4' title="bbox 62 3197 1102 3600">
     <span class='ocr_line' id='line_1_37' title="bbox 94 3197 1012 3261; baseline -0.007 -14"><span class='ocrx_word' id='word_1_284' title='bbox 94 3199 102 3226; x_wconf 86' lang='lat'>¹</span> <span class='ocrx_word' id='word_1_285' title='bbox 120 3201 298 3248; x_wconf 76' lang='lat' dir='ltr'>Necessarium.</span> <span class='ocrx_word' id='word_1_286' title='bbox 336 3199 376 3246; x_wconf 81' lang='lat' dir='ltr'>An</span> <span class='ocrx_word' id='word_1_287' title='bbox 396 3197 512 3260; x_wconf 83' lang='lat' dir='ltr'>enallage,</span> <span class='ocrx_word' id='word_1_288' title='bbox 531 3213 572 3261; x_wconf 84' lang='lat' dir='ltr'>say</span> <span class='ocrx_word' id='word_1_289' title='bbox 584 3199 625 3246; x_wconf 86' lang='lat' dir='ltr'>the</span> <span class='ocrx_word' id='word_1_290' title='bbox 643 3197 730 3254; x_wconf 79' lang='lat' dir='ltr'>cristes,</span> <span class='ocrx_word' id='word_1_291' title='bbox 748 3198 786 3245; x_wconf 83' lang='lat' dir='ltr'>for</span> <span class='ocrx_word' id='word_1_292' title='bbox 797 3201 931 3247; x_wconf 79' lang='lat' dir='ltr'>necessarii.</span> <span class='ocrx_word' id='word_1_293' title='bbox 967 3197 1012 3243; x_wconf 88' lang='lat' dir='ltr'>See</span> 
     </span>
     <span class='ocr_line' id='line_1_38' title="bbox 64 3261 1012 3379; baseline -0.016 -54"><span class='ocrx_word' id='word_1_294' title='bbox 64 3282 86 3326; x_wconf 81' lang='grc' dir='ltr'>Ρ·</span> <span class='ocrx_word' id='word_1_295' title='bbox 103 3265 161 3319; x_wconf 77' lang='lat'>126·</span> <span class='ocrx_word' id='word_1_296' title='bbox 179 3275 236 3312; x_wconf 74' lang='lat' dir='ltr'>note</span> <span class='ocrx_word' id='word_1_297' title='bbox 255 3265 278 3314; x_wconf 74' lang='lat'>4·</span> <span class='ocrx_word' id='word_1_298' title='bbox 349 3265 489 3330; x_wconf 82' lang='lat' dir='ltr'>&#39;Ejusdem</span> <span class='ocrx_word' id='word_1_299' title='bbox 507 3269 618 3379; x_wconf 64' lang='lat' dir='ltr'>corporis,</span> <span class='ocrx_word' id='word_1_300' title='bbox 630 3266 659 3312; x_wconf 88' lang='lat' dir='ltr'>of</span> <span class='ocrx_word' id='word_1_301' title='bbox 673 3267 713 3312; x_wconf 90' lang='lat' dir='ltr'>the</span> <span class='ocrx_word' id='word_1_302' title='bbox 730 3281 794 3312; x_wconf 89' lang='lat' dir='ltr'>same</span> <span class='ocrx_word' id='word_1_303' title='bbox 806 3265 874 3311; x_wconf 85' lang='lat' dir='ltr'>rank.</span> <span class='ocrx_word' id='word_1_304' title='bbox 944 3261 954 3292; x_wconf 83' lang='lat'>⁸</span> <span class='ocrx_word' id='word_1_305' title='bbox 972 3266 1012 3311; x_wconf 76' lang='lat' dir='ltr'>Ad</span> 
     </span>
     <span class='ocr_line' id='line_1_39' title="bbox 62 3329 1011 3389; baseline -0.008 -7"><span class='ocrx_word' id='word_1_306' title='bbox 62 3351 134 3383; x_wconf 77' lang='lat' dir='ltr'>mum</span> <span class='ocrx_word' id='word_1_307' title='bbox 152 3338 254 3385; x_wconf 77' lang='lat' dir='ltr'>tendere.</span> <span class='ocrx_word' id='word_1_308' title='bbox 273 3333 389 3380; x_wconf 82' lang='lat' dir='ltr'>lavoured</span> <span class='ocrx_word' id='word_1_309' title='bbox 406 3335 447 3380; x_wconf 85' lang='lat' dir='ltr'>the</span> <span class='ocrx_word' id='word_1_310' title='bbox 463 3333 512 3381; x_wconf 91' lang='lat' dir='ltr'>suit</span> <span class='ocrx_word' id='word_1_311' title='bbox 523 3349 538 3379; x_wconf 91' lang='lat' dir='ltr'>e</span> <span class='ocrx_word' id='word_1_312' title='bbox 566 3335 606 3379; x_wconf 88' lang='lat' dir='ltr'>the</span> <span class='ocrx_word' id='word_1_313' title='bbox 623 3333 696 3389; x_wconf 87' lang='lat' dir='ltr'>lover,</span> <span class='ocrx_word' id='word_1_314' title='bbox 710 3334 764 3379; x_wconf 81' lang='lat' dir='ltr'>who</span> <span class='ocrx_word' id='word_1_315' title='bbox 774 3333 864 3378; x_wconf 78' lang='lat' dir='ltr'>wasof</span> <span class='ocrx_word' id='word_1_316' title='bbox 877 3332 917 3377; x_wconf 89' lang='lat' dir='ltr'>the</span> <span class='ocrx_word' id='word_1_317' title='bbox 928 3329 1011 3377; x_wconf 88' lang='lat' dir='ltr'>cendi-</span> 
     </span>
     <span class='ocr_line' id='line_1_40' title="bbox 65 3396 1102 3464; baseline -0.007 -17"><span class='ocrx_word' id='word_1_318' title='bbox 65 3399 188 3448; x_wconf 80' lang='lat' dir='ltr'>tionwitlr</span> <span class='ocrx_word' id='word_1_319' title='bbox 200 3401 351 3450; x_wconf 81' lang='lat' dir='ltr'>themselves.</span> <span class='ocrx_word' id='word_1_320' title='bbox 417 3401 530 3450; x_wconf 72' lang='lat' dir='ltr'>*Urbem</span> <span class='ocrx_word' id='word_1_321' title='bbox 543 3403 692 3464; x_wconf 71' lang='lat' dir='ltr'>qaoquedsc.</span> <span class='ocrx_word' id='word_1_322' title='bbox 732 3398 869 3458; x_wconf 74' lang='lat' dir='ltr'>According</span> <span class='ocrx_word' id='word_1_323' title='bbox 881 3406 906 3442; x_wconf 88' lang='lat' dir='ltr'>to</span> <span class='ocrx_word' id='word_1_324' title='bbox 920 3396 1009 3448; x_wconf 86' lang='lat' dir='ltr'>Stroth,</span> <span class='ocrx_word' id='word_1_325' title='bbox 1101 3435 1102 3444; x_wconf 70' lang='grc'>,</span> 
     </span>
     <span class='ocr_line' id='line_1_41' title="bbox 66 3460 1013 3530; baseline -0.008 -16"><span class='ocrx_word' id='word_1_326' title='bbox 66 3471 106 3516; x_wconf 91' lang='lat' dir='ltr'>the</span> <span class='ocrx_word' id='word_1_327' title='bbox 118 3469 169 3530; x_wconf 89' lang='lat' dir='ltr'>city</span> <span class='ocrx_word' id='word_1_328' title='bbox 181 3466 239 3521; x_wconf 86' lang='lat' dir='ltr'>also,</span> <span class='ocrx_word' id='word_1_329' title='bbox 251 3467 299 3514; x_wconf 91' lang='lat' dir='ltr'>and</span> <span class='ocrx_word' id='word_1_330' title='bbox 311 3483 369 3515; x_wconf 84' lang='lat' dir='ltr'>even</span> <span class='ocrx_word' id='word_1_331' title='bbox 383 3469 434 3514; x_wconf 88' lang='lat' dir='ltr'>that</span> <span class='ocrx_word' id='word_1_332' title='bbox 445 3478 497 3528; x_wconf 83' lang='lat' dir='ltr'>pert</span> <span class='ocrx_word' id='word_1_333' title='bbox 510 3467 538 3514; x_wconf 83' lang='lat' dir='ltr'>ot&#39;</span> <span class='ocrx_word' id='word_1_334' title='bbox 550 3469 569 3514; x_wconf 88' lang='lat' dir='ltr'>it</span> <span class='ocrx_word' id='word_1_335' title='bbox 581 3468 659 3516; x_wconf 84' lang='lat' dir='ltr'>which</span> <span class='ocrx_word' id='word_1_336' title='bbox 670 3465 717 3514; x_wconf 88' lang='lat' dir='ltr'>had</span> <span class='ocrx_word' id='word_1_337' title='bbox 728 3465 831 3511; x_wconf 89' lang='lat' dir='ltr'>hitherto</span> <span class='ocrx_word' id='word_1_338' title='bbox 841 3462 900 3524; x_wconf 81' lang='lat' dir='ltr'>kept</span> <span class='ocrx_word' id='word_1_339' title='bbox 910 3460 1013 3523; x_wconf 77' lang='lat' dir='ltr'>entirely</span> 
     </span>
     <span class='ocr_line' id='line_1_42' title="bbox 66 3531 822 3600; baseline -0.009 -14"><span class='ocrx_word' id='word_1_340' title='bbox 66 3535 129 3586; x_wconf 84' lang='lat' dir='ltr'>clear</span> <span class='ocrx_word' id='word_1_341' title='bbox 141 3533 172 3582; x_wconf 84' lang='lat' dir='ltr'>of</span> <span class='ocrx_word' id='word_1_342' title='bbox 179 3536 220 3582; x_wconf 81' lang='lat' dir='ltr'>the</span> <span class='ocrx_word' id='word_1_343' title='bbox 231 3533 334 3598; x_wconf 87' lang='lat' dir='ltr'>dispute.</span> <span class='ocrx_word' id='word_1_344' title='bbox 373 3535 462 3584; x_wconf 87' lang='lat' dir='ltr'>Others</span> <span class='ocrx_word' id='word_1_345' title='bbox 473 3534 568 3597; x_wconf 78' lang='lat' dir='ltr'>destroy</span> <span class='ocrx_word' id='word_1_346' title='bbox 579 3551 672 3600; x_wconf 81' lang='lat' dir='ltr'>quoque</span> <span class='ocrx_word' id='word_1_347' title='bbox 684 3531 731 3580; x_wconf 88' lang='lat' dir='ltr'>und</span> <span class='ocrx_word' id='word_1_348' title='bbox 743 3535 822 3581; x_wconf 81' lang='lat' dir='ltr'>etiem.</span> 
     </span>
    </p>
   </div>
   <div class='ocr_carea' id='block_1_4' title="bbox 0 0 1116 3862">
    <p class='ocr_par' dir='ltr' id='par_1_5' title="bbox 0 0 1116 3862">
     <span class='ocr_line' id='line_1_43' title="bbox 0 0 1116 3862; baseline 0 6"><span class='ocrx_word' id='word_1_349' title='bbox 0 0 1116 3862; x_wconf 95' lang='lat' dir='ltr'> </span> 
     </span>
    </p>
   </div>
  </div>
 </body>
</html>
