2224 3862
423 203 547 264 arnna
568 201 619 264 1v.
737 175 760 254 ᾗ
946 211 1006 269 ets

72 365 149 426 rerba
157 376 223 423 sunt
231 363 339 424 audita.
381 363 574 422 Controversia
582 365 646 423 inde
657 363 717 433 luit,
728 368 819 424 utrbm
829 365 1008 445 populijassu

5 443 6 458 ³
72 447 237 504 indiceretur
245 444 361 515 bellum,
374 463 409 501 an
423 445 489 502 satis
502 456 575 502 esset
588 457 699 512 senatus
712 447 877 504 consultum.
918 447 1012 505 Persi·

5 583 6 592 ,
73 547 131 584 cere
145 525 258 588 tribuni,
274 524 466 582 denunciando
481 531 488 558 ⁸
501 524 682 600 impedituros
692 543 722 581 se
732 525 888 594 delectum,'
902 539 934 583 nt
946 545 1012 584 con-

5 659 6 670 ,
74 605 141 662 sules
154 605 191 660 de
205 603 281 660 bello
293 605 328 660 ad
338 603 469 679 populum
480 603 589 660 ferrent.
631 603 736 660 Omnes
747 607 886 663 centuriae
894 605 1012 682 jussere.

5 683 7 730 ἓ
72 685 103 741 ln
116 704 150 740 eo
164 679 280 758 quoique
293 683 372 760 plebs
385 682 509 758 superior
521 683 582 751 fuit,
597 683 670 758 qnod
684 684 782 751 tenuit,
796 703 831 742 ne
846 686 971 743 consules
984 687 1013 744 in

5 777 6 788 ¹
72 763 229 841 proximum
244 781 346 818 annuns
360 774 524 820 crearentur.

212 839 325 898 XXXI.
346 841 462 898 Tribuni
476 840 593 898 militum
606 841 741 899 consulari
749 853 885 918 potestate
895 855 1013 918 quatuor

73 926 95 959 ¹¹·
109 924 130 960 ⁰·
170 922 258 978 creati
272 932 344 988 sunt,
361 921 394 976 Τ.
409 920 557 983 Quinctius
572 921 683 978 Pennus
696 941 730 978 ox
740 922 892 990 consulatu,
908 922 941 980 C.
957 923 1012 980 Fu·

72 980 146 1078 329’·
172 1001 241 1066 rins,
252 999 296 1056 M.
309 1000 476 1066 Postumius,
491 1000 529 1056 A.
541 999 685 1058 Cornelius
695 1001 807 1058 Cossus.
848 1001 893 1058 Ex
902 1001 935 1058 iis
944 1002 1013 1060 Cos·

70 1101 114 1138 sus
127 1080 253 1157 praefuit
267 1079 336 1136 urbi.
377 1079 455 1145 Tres,
470 1078 580 1136 delectu
594 1077 695 1146 habito,
709 1081 825 1158 profecti
839 1092 904 1137 sunt
919 1080 1012 1158 Vejos,

70 1162 298 1233 documentoque
316 1159 402 1224 luere,
422 1157 505 1234 quim
525 1157 644 1234 plurium
661 1158 806 1235 imperium
827 1159 900 1218 bello
919 1159 1015 1218 inutile

69 1253 152 1298 esset.
197 1238 351 1295 Tundendo
364 1240 400 1296 ad
412 1257 463 1295 sua
472 1237 588 1312 quisque
598 1238 720 1302 consilia,
735 1259 819 1315 quum
831 1239 906 1296 aliud
916 1239 963 1296 alii
975 1240 1014 1296 vi·

70 1321 194 1386 deretur,
216 1329 384 1393 aperuerunt
402 1317 438 1374 ed
457 1317 629 1374 occasionem
647 1318 738 1374 locum
755 1318 836 1375 hosti.
876 1319 1013 1376 incertam

70 1419 192 1473 namque
206 1397 304 1463 aciem,
319 1405 327 1430 ‘
341 1395 458 1472 signum'
472 1396 532 1452 aliis
547 1403 554 1430 ‘
567 1397 627 1452 dari
640 1397 781 1473 receptui,’
794 1397 854 1455 eliis
867 1407 875 1430 ‘
889 1397 958 1456 oani’
967 1397 1013 1474 ju·

70 1479 211 1544 bentibus,
227 1477 349 1534 invasere
362 1478 515 1552 opportune
529 1474 676 1550 Vejentes:
691 1490 779 1534 castra
791 1477 945 1554 propinqua
956 1490 1014 1536 tur-

70 1559 149 1616 batos
174 1575 209 1614 ac
232 1569 310 1631 terga
333 1556 429 1612 dantes
450 1574 589 1629 accepere.
630 1556 698 1613 Plus
718 1557 811 1632 itaquo
838 1557 1013 1633 ignominiae.

71 1635 473 1712 qnamcladis,estacceptum.
513 1632 626 1692 Moesta
634 1636 730 1694 civitas
740 1638 800 1701 luit,
810 1637 883 1694 vinci
891 1638 1014 1694 insueta:

72 1718 164 1774 odisse
174 1714 311 1780 tribunos,
329 1733 442 1790 poscere
456 1714 626 1783 dictatorem,
640 1715 670 1772 in
683 1736 717 1773 eo
731 1716 800 1774 verti
812 1735 875 1792 spes
887 1717 1015 1774 civitatis.

74 1796 111 1853 Et
123 1813 213 1871 quum
228 1795 266 1850 ibi
280 1790 390 1868 qudqne
407 1793 503 1867 religio
523 1795 651 1861 obstaret,
671 1815 707 1853 ne
728 1794 814 1872 (nou)
828 1795 835 1834 ¹
856 1809 950 1872 posset
962 1795 1016 1852 nisi

72 1876 106 1932 ab
117 1873 235 1934 consule
249 1874 304 1931 dici
317 1874 442 1939 dictator,
456 1891 573 1947 augures
586 1875 703 1931 consulti
713 1895 773 1932 earn
782 1875 940 1950 religionem
952 1893 1015 1932 exe·

72 1975 157 2012 mere.
200 1955 240 2010 A.
261 1952 405 2010 Cornelius
425 1953 585 2010 dictatorem
609 1952 697 2010 Mam.
712 1954 864 2010 Aemilium
878 1955 967 2011 dixitr
987 1967 1016 2012 et

73 2036 131 2110 ipse
145 2035 180 2092 ab
195 2051 231 2090 eo
245 2032 374 2107 magister
382 2031 507 2107 equitum
519 2044 561 2088 est
571 2031 670 2088 dictus.
712 2029 803 2096 Aded,
818 2033 899 2088 simul
908 2034 1017 2091 fortuna

73 2113 193 2172 civitatis
207 2111 309 2168 virtuts
322 2112 387 2168 veni
406 2111 491 2186 egnit,
512 2110 578 2167 nihil
592 2110 715 2168 censoria
733 2111 955 2168 animadversio²
977 2115 1016 2169 el·

73 2195 146 2260 lecit,
165 2211 224 2268 quo
239 2191 327 2247 minias
340 2191 462 2266 regimen
476 2209 566 2246 reruni
581 2209 616 2248 ex
625 2191 725 2248 notati
743 2189 854 2266 indigne
868 2191 952 2247 domo
969 2211 1015 2268 pe-

74 2285 189 2331 teretur.
231 2269 372 2346 Vejentes,
385 2290 415 2327 re
428 2269 550 2326 secundia
563 2269 636 2338 elati,
657 2271 746 2327 missis
764 2270 867 2328 circum
890 2269 1017 2330 Etruriae

73 2353 193 2430 populos
214 2348 321 2425 legatis,
340 2349 471 2426 jactando
491 2355 499 2384 ‘
520 2361 575 2406 tres
593 2350 678 2407 duces
696 2350 837 2407 Romanos
856 2351 891 2408 ab
911 2370 942 2407 se
961 2369 1017 2408 uno

77 2443 85 2466 ⁶
98 2431 205 2508 proelio
214 2428 307 2496 fusos‚’
321 2447 407 2504 quum
416 2440 508 2486 tamen
518 2429 619 2486 nullam
629 2429 732 2505 publici
742 2429 848 2488 consilii
856 2431 1017 2488 societatem

75 2513 236 2578 movissent,
251 2509 417 2565 voluntarios
430 2508 551 2584 undiquc
565 2509 600 2566 ad
613 2528 689 2586 spem
704 2511 821 2586 praedae
834 2510 1017 2568 adsciverunt.

76 2591 133 2650 Uni
145 2589 322 2648 Fidenatium
334 2587 437 2663 populo
449 2587 579 2645 rebellare
588 2589 708 2664 placuit:
722 2601 759 2656 et,
774 2603 903 2664 tanquam
917 2589 969 2646 nisi
982 2589 1017 2647 ab

73 2672 179 2729 scelere
200 2668 301 2726 bellum
322 2666 407 2723 ordiri
425 2667 501 2724 nefas
521 2681 602 2733 esset,
620 2669 692 2726 sicut
705 2669 855 2742 legatorum
870 2681 958 2736 antea,
979 2669 1018 2726 ita

75 2765 133 2808 tum
148 2767 286 2807 novorum
296 2746 456 2804 colonorum
465 2747 548 2804 caede
557 2747 671 2805 imbutis
681 2749 772 2814 annis,
787 2746 948 2823 Vejentibus
958 2767 1018 2806 sese

76 2829 258 2908 conjungunt.
299 2826 461 2884 Consultare
475 2826 539 2882 inde
557 2828 695 2903 principes
711 2828 827 2882 duorum
844 2828 1017 2902 populorum,

77 2909 162 2986 Vejos
176 2928 213 2966 an
228 2905 346 2963 Fidenas
364 2905 459 2962 sedern
479 2906 542 2962 belli
559 2917 697 2982 caperent
738 2905 858 2962 Fidenae
876 2908 949 2964 visae
969 2927 1018 2983 op·

75 2987 260 3065 portuniores.
301 2985 406 3060 ltaque,
415 2983 530 3060 trajecto
542 2985 646 3053 Tiberi,
662 2984 795 3061 Vejentes
806 2983 923 3043 Fidenas
931 2999 1018 3044 trans·

76 3070 201 3126 tulerunt
214 3065 327 3122 bellum.
368 3065 476 3122 Romae
492 3076 579 3121 terror
598 3064 695 3138 ingens
715 3078 781 3120 erat.
823 3067 924 3123 Accito
941 3085 1019 3124 exer·

78 3149 135 3207 citu
148 3149 185 3206 ab
200 3145 287 3220 Vejis‚
310 3162 398 3218 eoque
411 3144 472 3220 ipro
485 3145 519 3200 ab
539 3163 569 3200 re
589 3145 659 3200 male
680 3145 758 3218 gestit
777 3145 911 3219 perculso,
933 3159 1020 3203 castra

76 3227 204 3286 locantur
217 3239 281 3282 ante
295 3237 402 3299 portam
417 3223 561 3291 Collinam,
579 3237 607 3280 et
620 3223 649 3278 in
664 3224 748 3279 muris
768 3226 865 3280 armati
885 3224 1019 3300 dispositi,

78 3321 105 3365 et
113 3300 330 3385 justitium³·in
347 3303 414 3370 foro,
435 3303 618 3378 tabernaeque
638 3301 763 3360 clausuet
784 3303 908 3377 fiuntque
929 3303 1020 3360 omnia

74 3381 281 3460 testiinonium
295 3381 365 3449 urbi,
380 3381 517 3438 similiora.

111 3497 118 3528 ¹
137 3499 198 3550 Non
214 3493 235 3543 is
246 3489 366 3556 evidently
378 3489 522 3550 redundant,
535 3487 582 3540 aud
594 3491 625 3540 its
636 3489 749 3539 omission
763 3491 783 3538 is
794 3489 978 3541 recommended
989 3491 1021 3556 by
1105 3555 1106 3560 1

75 3563 229 3615 Gronovius.
298 3560 308 3591 ¹
326 3563 370 3610 See
384 3561 410 3610 c.
421 3556 466 3609 ⁴24·
536 3559 545 3590 ¹
564 3561 607 3610 See
619 3572 642 3622 p.
659 3557 715 3617 lat,
728 3557 817 3606 norea
