2230 3846
112 172 168 230 190
488 167 523 228 Τ.
542 166 643 228 LIVII

147 327 285 386 XXXIX.
307 327 363 386 Sed
381 326 468 403 magis
490 328 650 386 obedienter
670 337 782 384 ventum
809 325 839 382 in
866 325 972 384 curiam
996 338 1052 397 est,
1092 321 1093 328 ¹

110 408 194 485 quirat
212 408 330 465 obnoxie
341 407 350 440 ¹
364 407 451 464 dietas
464 408 613 465 sententias
626 406 791 483 accepimus.
831 412 840 440 ⁸
854 405 890 461 L.
904 405 1053 464 Valerium

110 485 275 552 ‘Potitum’
294 487 433 564 proditum
454 488 600 544 memoriae
620 498 670 548 est.
695 496 780 562 ‘post
801 484 965 542 relationem
991 486 1053 562 Ap.

111 574 121 601 ⁸
135 566 255 632 Claudii,
268 567 342 641 priris
355 564 436 641 quiam
451 566 546 624 ordine
559 565 709 624 sententiae
722 577 891 638 rogarentur,
906 565 1054 640 postulan-

112 651 121 682 ⁸
134 646 171 702 do
190 658 223 702 ut
242 645 277 702 de
290 645 430 722 republicis
442 645 537 702 lioerat
550 645 641 702 dicere
650 648 672 710 ²,
682 642 890 720 prohibentibus
903 643 1055 700 minaciter
1093 645 1094 648 ’

113 732 121 759 ⁸
134 723 305 790 decemviris,
319 724 489 801 proditurum
503 744 533 781 se
542 725 577 781 ad
591 724 698 800 plebem
712 721 933 787 denunciantem,
945 723 1055 778 tumul·
1070 763 1075 770 .

113 810 194 861 ‘tum
214 803 355 860 excivisse.
397 802 457 860 Neo
477 803 566 860 minias
584 801 711 860 ferociter
724 801 767 858 M.
784 800 930 858 Horatium
946 799 1055 858 Barba-

113 889 194 940 ‘tnm
214 884 268 940 lesa
288 882 316 938 in
337 893 483 948 certamen,
504 881 643 940 “Decem
659 878 837 956 Tarquinios''
854 879 1055 956 appellantem,

114 968 122 996 ⁸
135 962 392 1036 admonentemque,
407 967 426 996 ‘⁸
440 960 556 1018 Valeriis
569 974 597 1019 et
612 957 757 1018 Horatiis³
772 959 886 1016 ducibus
899 958 996 1035 pulsos
1010 979 1055 1016 re·

114 1046 132 1076 ‘⁸
145 1060 202 1116 ges.
243 1039 304 1098 Neo
322 1039 440 1096 nominis
460 1037 583 1098 homines
603 1052 663 1097 tum
676 1051 832 1115 pertaesum
847 1057 926 1103 esse;
946 1037 1055 1114 quippe

114 1126 133 1154 ιι
448 1119 454 1132 ·
527 1119 543 1151 .·
884 1117 890 1130 ·
1043 1148 1055 1162 ,

114 1204 132 1234 ⁴«
146 1118 1055 1276 ttffltttltt'tlltl:ttttlttlttlsstlttfft.t.

115 1284 133 1313 ⁸⁸
146 1277 235 1345 lenna,
255 1290 393 1335 retentum
413 1276 480 1334 sit⁴.
521 1277 683 1354 superbiam
697 1275 908 1351 violentiamque
925 1287 990 1331 tam
1003 1295 1054 1352 pe·

115 1363 135 1392 ⁸⁸
147 1375 224 1413 rosos
236 1356 317 1430 regis.
358 1357 437 1420 Quae
451 1357 475 1413 si
487 1357 515 1413 in
528 1377 593 1432 rege
606 1369 665 1414 tum
683 1357 789 1421 endem,
804 1367 857 1416 aut
865 1357 894 1410 in
901 1354 960 1412 lilio
971 1355 1055 1429 regis,

115 1433 133 1470 ⁸
146 1434 258 1492 feranda
266 1455 319 1490 non
330 1436 440 1502 fuerint,
449 1455 532 1510 quem
542 1437 659 1492 laturum
668 1435 697 1491 in
705 1447 747 1492 tot
755 1431 889 1510 privatis?
907 1433 1056 1501 Viderent,

116 1519 134 1548 ⁸⁸
147 1532 192 1580 ne,
210 1514 328 1571 vetando
347 1515 376 1570 in
396 1514 472 1572 carii
491 1515 574 1573 libere
594 1513 719 1572 homines
737 1513 822 1588 loqui,
845 1524 923 1570 extra
949 1513 1057 1570 curiam

116 1599 134 1628 ⁸⁸
147 1592 230 1650 etiam
251 1604 392 1650 moverent
406 1612 510 1651 vocem.
551 1593 650 1669 Neque
669 1593 814 1658 revidere,
828 1593 877 1667 qni
897 1591 951 1648 sibi
964 1592 1056 1648 mimis

117 1676 135 1706 ⁸‘
147 1671 254 1747 privato
270 1672 305 1728 ad
325 1672 485 1730 concionem
498 1673 631 1749 populum
645 1691 751 1738 vocare,
766 1670 848 1746 qulam
863 1671 915 1728 illis
927 1682 1055 1729 senatum

117 1755 136 1784 ⁸⁸
149 1769 257 1824 cogere,
277 1750 366 1807 liceat.
406 1751 463 1810 Ubi
478 1751 587 1814 vellent.
608 1751 805 1828 experirentur,
822 1762 926 1826 quanto
938 1749 1057 1808 ferocior

118 1833 137 1864 ‘⁸
150 1829 228 1886 dolor
247 1829 372 1887 libertate
391 1831 442 1887 sud
454 1831 625 1897 vindicandi,
640 1829 721 1906 quiam
736 1829 872 1906 cupiditas
889 1827 995 1906 injustia
1009 1830 1055 1886 do·

119 1911 137 1944 ‘⁸
151 1907 308 1975 minatione,
318 1921 391 1967 esset
401 1907 423 1967 ⁵.
463 1908 509 1967 De
520 1910 592 1967 bello
602 1909 703 1969 Sabino
713 1927 761 1966 eos
770 1909 870 1965 referre
880 1907 908 1974 ⁶3
925 1920 1056 1983 tanquam

120 1992 138 2022 ⁸⁸
152 1987 239 2063 magis
252 1987 338 2044 ullum
352 1987 455 2064 populo
466 1988 594 2046 Romano
603 1987 704 2044 bellum
718 1988 763 2052 sit,
777 1985 859 2060 qulam
871 2005 935 2042 cnm
947 1986 991 2055 iis,
1002 1987 1055 2061 qni,

120 2070 139 2102 ‘⁸
152 2065 244 2142 legum
264 2068 437 2124 ferendarum
453 2066 537 2124 causi
552 2065 646 2132 creati,
666 2063 735 2120 nihil
743 2063 814 2140 juria
828 2062 983 2122 incivitate
997 2065 1056 2122 reli·

121 2149 140 2180 ‘⁸
153 2145 277 2220 querint3
298 2145 345 2219 qni
363 2145 482 2211 comitia,
502 2143 550 2219 qui
569 2161 674 2201 annuos
695 2143 878 2218 magistratus,
893 2143 942 2217 qui
956 2143 1056 2200 vicissi-

121 2228 140 2258 ‘⁸
153 2224 277 2281 tudinem
288 2223 462 2300 imperitandi
471 2223 560 2298 (quod
571 2241 656 2280 unum
665 2222 857 2296 exaequandae
865 2221 901 2278 sit
911 2221 1055 2297 libertatis)

123 2307 141 2336 ⁸⁸
155 2303 333 2368 sustulerint;
352 2303 399 2377 qui
412 2302 510 2379 privati
523 2303 610 2360 fascea
624 2313 653 2359 et
662 2300 767 2376 regium
776 2300 923 2378 imperinm
933 2299 1055 2360 habeant

123 2386 143 2414 ⁸⁸
156 2379 262 2448 Fuisse,
276 2380 386 2454 regibus
399 2381 511 2449 exactis,
525 2381 653 2458 patriciae
666 2379 840 2455 magistratus
854 2391 978 2447 creatos;
995 2399 1054 2455 pos·

125 2464 142 2493 ⁸⁸
155 2470 209 2526 tea,
232 2471 296 2536 post
317 2459 498 2517 secessionem
519 2459 616 2536 plebis,
637 2459 768 2537 plebeios.
808 2458 902 2537 Cujus·
917 2459 957 2516 illi
977 2457 1054 2536 partis

125 2544 143 2574 ⁸⁸
157 2537 274 2608 essent,”
294 2537 429 2614 rogitare!
470 2545 488 2574 ‘⁸
502 2538 676 2616 Populares?
693 2538 760 2614 qnid
770 2537 866 2596 enim‘
886 2557 936 2596 eos
949 2557 999 2616 per
1009 2557 1053 2615 po·

124 2710 189 2752 rnen,
201 2699 256 2745 who
272 2697 320 2745 had
334 2695 429 2760 already
440 2697 532 2760 quitted
548 2696 625 2754 office,
642 2696 690 2744 and
702 2711 763 2744 were
779 2695 804 2742 in
821 2695 913 2759 private
924 2696 1026 2751 audone,
1037 2694 1056 2741 il

124 2763 218 2814 lrwtess
234 2765 341 2814 violence
358 2764 401 2812 did
417 2775 460 2813 not
476 2774 576 2828 support
592 2766 665 2824 them,
683 2781 710 2813 aa
727 2765 749 2811 it
761 2765 817 2826 they
828 2779 890 2811 were
908 2763 996 2827 legally
1009 2777 1052 2810 em·

126 2833 236 2894 powered
248 2843 272 2881 to
284 2832 398 2881 resemble
409 2834 482 2880 them·
580 2832 587 2861 ¹
609 2836 731 2892 obnoxias,
744 2833 788 2894 (ob
799 2831 911 2893 noxam)
923 2829 1022 2893 exposed
1032 2839 1053 2876 to

128 2899 282 2962 punishment
299 2901 337 2948 for
347 2917 362 2949 a
373 2900 442 2960 lault,
460 2899 537 2949 under
548 2899 698 2963 obligations,
710 2898 858 2946 submissius.
933 2895 944 2924 ⁸
965 2903 1003 2952 Ut,
1013 2900 1050 2946 aa

131 2967 195 3016 'lhat
204 2969 234 3015 he
245 2968 323 3032 might
333 2971 363 3018 be
374 2967 474 3016 allowed
486 2979 511 3016 to
522 2968 593 3029 spealr
605 2983 636 3015 ou
648 2969 689 3014 the
700 2965 822 3016 condition
834 2967 864 3014 of
876 2965 959 3027 public
973 2966 1050 3014 affairs.

132 3036 169 3083 Aa
179 3036 219 3084 the
230 3035 357 3084 decemuiri
369 3036 415 3083 had
427 3035 570 3085 summoned
581 3037 620 3082 tlte
628 3045 717 3090 senate,
726 3044 752 3081 to
759 3033 869 3082 consider
877 3035 917 3082 the
926 3037 1053 3083 bestmeans

130 3103 160 3149 of
173 3103 291 3166 repelling
307 3105 347 3151 the
357 3119 451 3166 enemy,
466 3104 512 3151 this
523 3102 691 3150 inconvenient
702 3100 804 3149 demand
817 3117 865 3148 was
875 3101 974 3150 resisted
985 3103 1013 3163 by
1022 3100 1053 3146 the

131 3169 267 3219 decemviri.
325 3171 334 3199 ¹
354 3169 401 3218 For
412 3172 451 3217 the
468 3175 560 3226 Valerii,
572 3185 611 3216 see
622 3170 640 3216 i.
652 3170 692 3226 58,
701 3169 727 3215 ii.
738 3169 770 3228 23
780 3169 820 3216 tlte
833 3173 939 3226 Horatii,
951 3169 975 3216 ii.
989 3168 1011 3222 8,
1021 3165 1051 3213 10.

131 3237 141 3266 ⁴
160 3238 203 3285 See
214 3237 238 3283 i'u
253 3238 277 3286 2.
379 3238 389 3266 ⁶
408 3241 507 3292 Quanto,
519 3239 563 3284 dic.
577 3238 631 3284 how
642 3237 715 3282 much
726 3251 793 3284 more
801 3236 939 3297 impetuous
949 3232 1052 3282 wouldbr

131 3304 172 3351 tlte
188 3304 340 3368 indignation
352 3303 409 3349 with
421 3305 497 3351 which
515 3305 554 3350 the
567 3305 661 3351 Roman
678 3302 763 3363 people
773 3303 855 3350 would
870 3313 944 3350 essert
961 3301 1017 3350 their
1030 3298 1052 3344 li-

130 3372 207 3433 berry,
219 3374 276 3420 than
287 3369 448 3418 thaambition
458 3370 513 3417 with
521 3371 596 3418 which
608 3367 785 3418 mederemur·
794 3369 874 3417 would
883 3369 996 3418 maintain
1005 3365 1054 3414 their

132 3439 238 3499 usurped
250 3452 337 3500 power.
455 3437 465 3464 ⁸
480 3438 524 3485 See
535 3447 591 3484 note
603 3437 625 3486 2.
750 3436 759 3465 ⁷
777 3439 850 3487 Enim
862 3437 883 3484 is
893 3437 960 3484 osten
972 3432 1024 3483 used
1033 3439 1053 3478 lo

134 3501 223 3565 impert
234 3507 286 3554 that
296 3519 326 3552 an
338 3502 456 3568 abjectiora
468 3512 493 3552 to
504 3503 637 3568 something
649 3503 725 3568 going
734 3503 816 3552 before
824 3505 845 3552 is
854 3500 1005 3560 understood,
1015 3496 1053 3552 tud
