2224 3862
435 249 559 312 LIBER
580 253 632 310 IV.
949 255 1006 314 289

72 423 118 468 tur.
147 411 277 469 Acetera
285 410 388 487 praeda
397 411 497 471 Fabius
508 411 623 470 militem
631 411 770 477 abstinuit,
780 411 870 472 donec
882 411 1004 488 collegae

71 491 203 550 venirent·
227 493 284 547 ‘ab
303 492 356 548 inis
375 489 485 568 qunque
499 491 664 549 exercitibus
678 503 789 582 captum
803 491 911 550 Auxur'
925 492 1005 550 dicti-

4 609 7 642 2
70 565 143 628 ians‘
155 591 226 637 esse,
249 571 297 644 qui
318 581 424 628 ceteros
440 573 554 629 Volscus
568 591 585 627 a
599 569 771 644 praesidioe
747 587 806 644 ejus
825 571 1004 628 lucisvertis·

4 663 7 684 ¹
69 650 157 706 ‘sent'
189 651 254 712 Qui
263 650 312 705 ubi
325 664 468 717 venerunt,
479 651 629 742 oppidum⁸
622 663 714 706 vetere
724 650 833 708 fortuna
843 651 1005 726 opulentum

69 743 116 786 tres
129 730 272 786 exercitus
286 729 433 807 diripuere.
476 731 571 805 anue
589 730 706 816 primum
721 729 895 803 benignitas
888 749 1004 805 tmpera-

67 821 151 864 tnrum
165 809 279 884 plebem
295 809 422 866 Patribus
432 811 597 868 conciliavit.
608 801 763 865 Additum
774 810 1004 866 deindeomuium

66 889 180 946 maxime
201 888 369 979 tempestivo
389 889 543 964 principum
563 890 590 944 in
611 888 817 944 multitudinem
831 907 954 956 munere,
974 901 1007 944 ut

66 981 122 1024 ante
136 969 310 1024 mentionem
324 967 406 1023 ullam
423 968 512 1044 plebis
526 969 733 1024 tribunorumve
753 967 913 1024 decerneret
926 987 1003 1026 sena·

66 1060 112 1113 tus,
133 1059 167 1102 ut
181 1047 352 1122 stipendium
367 1047 446 1103 miles
461 1049 495 1103 de
510 1047 619 1122 publico
632 1047 778 1121 acciperet,
798 1066 885 1121 quum
898 1059 962 1104 ante
975 1048 1004 1103 id

65 1127 223 1202 tempus-de
237 1141 288 1181 suo
302 1125 418 1200 quisque
431 1128 542 1182 functus
555 1145 589 1183 eo
603 1146 716 1182 munere
729 1139 810 1182 esset.

98 1204 163 1261 LX.
186 1213 194 1238 ⁴
213 1203 287 1260 Nihil
302 1219 446 1280 acceptum
460 1225 581 1281 unquam
597 1225 613 1261 a
631 1205 712 1280 plebe
730 1217 807 1262 tanto
826 1203 936 1280 gaudin'
950 1215 1004 1262 tra·

3 1313 4 1360 p
65 1284 143 1341 ditur.
195 1291 204 1318 ‘
226 1283 398 1341 Concursum
420 1286 512 1359 itaque
534 1286 569 1340 ad
591 1286 693 1341 curiam
717 1304 786 1350 esse,
810 1298 1004 1360 prensatasque

3 1375 4 1406 ἐ
65 1363 247 1421 ‘exeuntium
263 1383 368 1430 manus,
383 1377 411 1420 et
427 1365 522 1421 Patres
536 1366 600 1420 uere
615 1363 783 1440 appellatos:
800 1363 929 1420 ellectum
945 1384 1005 1420 esse

3 1447 5 1476 ³
64 1443 243 1506 ‘latentibus
268 1456 300 1499 ut
315 1462 398 1499 nemo
415 1463 464 1518 pro
481 1456 537 1500 tam
558 1443 688 1500 munifica
705 1443 799 1519 patriti,
821 1445 910 1501 donec
930 1443 1005 1518 quic·

3 1571 4 1578 ,
64 1529 167 1598 ‘quam
182 1523 283 1577 virium
298 1535 462 1598 superesset,
477 1523 584 1600 corpori
597 1535 645 1579 aut
658 1522 785 1598 sanguini
798 1543 850 1580 suo
864 1521 1004 1599 parceret!

3 1603 4 1640 ἕ
64 1602 157 1665 Quum
179 1603 362 1658 commoditas
377 1601 497 1678 juraret,
515 1601 572 1659 rem
593 1602 754 1659 familiarem
769 1601 867 1660 saltem
881 1602 1005 1678 acquies-

63 1701 120 1738 cere
135 1701 172 1738 eo
186 1693 321 1756 tempore,
340 1689 347 1714 ‘
361 1701 416 1755 quo
430 1701 529 1757 corpus
542 1683 684 1739 addictum
697 1694 780 1756 atque
794 1695 936 1758 operatum
951 1682 1003 1740 rei-

64 1760 212 1836 ‘publicae
227 1773 300 1816 esset
311 1760 326 1826 ;’
347 1773 415 1825 tum,
432 1762 522 1836 ‘quod
536 1762 609 1818 ultro
623 1761 675 1818 sibi
689 1762 809 1818 oblatum
824 1774 905 1827 esset,
919 1781 975 1818 non
988 1781 1006 1818 e

64 1839 204 1897 ‘tribunis
217 1839 304 1916 plebis
318 1859 439 1914 unquam
454 1841 597 1915 agitatum,
611 1861 666 1896 non
677 1841 733 1896 suis
744 1841 916 1898 sermonibus
930 1840 1005 1896 effia-

64 1918 224 1994 ‘gitatunu’
243 1919 272 1974 id
289 1918 425 1975 efficiebat
439 1921 582 1996 multiplex
595 1919 726 1994 gaudium
741 1920 1005 1993 cumulatioremque

63 1999 178 2074 gratiam
202 1997 252 2054 rei.
302 1997 419 2054 Tribuni
442 1999 538 2074 plebis,
562 1999 714 2054 cummunis
737 1997 863 2054 ordinum
886 1998 1006 2054 laetitiae

63 2076 284 2152 concordiaeque
298 2078 349 2134 soli
363 2091 498 2152 expertes,
507 2097 617 2152 negare,
628 2084 635 2110 ‘
645 2077 671 2132 Τ
671 2097 714 2132 am
725 2077 754 2132 id
765 2077 866 2132 laetum
877 2076 1006 2134 Patribus

64 2157 222 2214 ‘universis
232 2177 283 2213 nec
297 2176 456 2232 prosperum
471 2157 538 2222 fore,
553 2155 634 2230 quiam
648 2156 700 2231 ipsi
714 2157 865 2222 crederent.
907 2155 1006 2213 Consi-

64 2237 152 2296 ‘linm
176 2236 270 2311 specie
292 2237 379 2311 primis
399 2237 497 2292 melius
517 2237 611 2302 fuisse,
632 2234 714 2310 qulam
735 2255 788 2291 usu
809 2234 1005 2310 appariturum.

63 2324 70 2350 ‘
84 2317 172 2374 Unde
186 2316 261 2371 enim
274 2335 335 2372 eant
350 2317 494 2391 pecuniam
509 2316 607 2372 confici
622 2335 709 2390 posse,
720 2315 773 2370 nisi
786 2315 890 2372 tributo
903 2315 1006 2391 populo

63 2402 70 2428 ‘
84 2394 215 2454 indicto?
236 2414 271 2450 ex
286 2394 376 2450 alieno
388 2395 473 2470 igitur
491 2395 549 2451 aliis
563 2395 684 2470 largitor»
726 2393 834 2470 Neque,
848 2396 877 2451 id
897 2394 1005 2452 etiamsi

64 2481 71 2508 ‘
85 2473 175 2532 ceteri
193 2474 289 2541 ferant,
304 2494 430 2549 passuros
444 2495 500 2540 eos,
512 2475 610 2548 quibus
619 2474 677 2550 jam
688 2475 803 2546 emerita
816 2475 953 2549 stipendia
962 2494 1005 2531 es·
1074 2526 1078 2534 .

63 2561 156 2620 ‘sena
178 2553 294 2610 meliore
313 2553 471 2610 conditione
491 2555 559 2610 alios
579 2555 705 2620 militare,
727 2553 809 2627 quiam
824 2553 877 2629 ipsi
891 2553 1005 2610 militiis·

62 2641 70 2666 ‘
83 2645 165 2698 sent;
184 2646 216 2688 et
229 2633 359 2690 eosdem'
351 2633 599 2708 rusuast-ipendia'
592 2653 729 2708 impensas
738 2634 843 2697 fecisse,
854 2645 882 2688 et
895 2632 923 2688 in
937 2632 1005 2690 alio-

63 2718 146 2768 ιιιιιιι
161 2711 270 2768 facere?
310 2711 365 2768 His
379 2712 493 2768 vocibus
513 2725 657 2769 moverunt
676 2725 780 2788 partem
799 2711 896 2786 plebis.
936 2712 1005 2769 Pos-

61 2787 163 2857 tremo,
183 2789 308 2848 indicto
296 2811 354 2882 Jarn
368 2792 482 2856 tributo,
504 2793 651 2848 edixerunt
664 2791 746 2848 etiem
761 2791 887 2848 tribuni‘
901 2792 1003 2848 auxilio

62 2878 70 2904 ⁴
84 2891 116 2927 se
130 2871 285 2937 futuros,
264 2889 287 2926 st
300 2871 361 2944 quis
375 2872 403 2926 in
418 2871 535 2928 militare
548 2871 714 2945 stipendium
725 2871 858 2927 tributum
869 2889 924 2930 nnn
938 2891 1003 2928 con·

62 2947 214 3008 ‘tulisset’
256 2949 351 3006 Patres
371 2951 440 3007 bene
461 2963 587 3041 coeptam
608 2969 665 3006 rem
686 2962 891 3025 perseveranter
909 2951 1003 3006 tueri:

60 3028 211 3086 conferre'
204 3029 256 3140 ipsi
269 3029 366 3104 primi·
387 3042 424 3095 et,
434 3049 498 3104 quta
502 3025 627 3086 nondum
637 3043 780 3103 argentum
788 3043 925 3104 signatum
936 3042 1004 3095 erat,

60 3128 110 3166 ses
123 3127 208 3182 grave
218 3107 375 3183 ¹plaustris
388 3110 498 3183 quidam
520 3109 555 3164 ad
575 3109 708 3164 aerarium
729 3107 921 3174 convehentes,
943 3129 1005 3184 spe-

62 3189 169 3244 ciosam
188 3187 270 3245 etiam
286 3187 461 3246 collationem
475 3189 619 3244 faciebant.
659 3189 754 3252 Quum
773 3202 884 3245 senatus
897 3207 1006 3244 summa

62 3267 120 3324 fide
134 3287 172 3323 ex
186 3287 270 3324 censu
285 3269 454 3334 contulisset,
469 3267 603 3343 primores
616 3267 712 3344 plebis,
725 3267 858 3326 nobilium
869 3266 959 3332 amici,
970 3286 1006 3322 ex

63 3346 223 3421 composito
237 3347 359 3404 conferre
373 3347 516 3422 incipiunt.
556 3346 634 3409 Quos
648 3367 732 3422 quum
744 3362 772 3404 et
785 3345 937 3403 aPatribus
950 3345 1007 3400 col·

64 3425 183 3494 landari,
198 3437 227 3481 et
240 3445 256 3482 a
268 3425 379 3484 militari
392 3438 482 3484 aetate
496 3439 625 3501 tauquam
636 3427 722 3484 bonos
737 3429 810 3484 eires
820 3422 941 3496 conspici
949 3422 1008 3477 vul-

372 3586 378 3612 ¹
396 3584 476 3644 Scep.
490 3583 548 3704 239,
561 3592 616 3630 note
629 3583 651 3643 llq

536 3668 554 3705 B
