2232 3862
460 229 584 290 LIBER
604 229 629 291 Ι.
972 233 1009 290 43

102 389 246 448 XXXVI.
270 387 595 466 Muroquhqualapideo
605 389 774 448 circumdare
785 389 880 445 urbem
890 391 1010 466 parabat,

67 489 146 606 llX
159 468 1011 624 ltltttltlhittdtlltltlltll‘lltt‘tolli

67 628 102 684 ira
114 645 147 685 ac
161 626 318 704 prohibere
331 627 467 684 exercitus
483 625 625 684 Romanus
637 638 739 704 poseat.
779 626 876 702 Itaque
892 628 1011 704 trepida·

66 719 119 763 tom
141 707 260 764 Romae
281 718 334 764 est.
375 705 413 762 Et
433 705 521 782 primo
540 706 750 764 dubiitvietorih
767 707 866 782 magni
883 707 1011 782 utrinque
1048 733 1052 742 ·

64 786 319 862 coadapugnatum
329 795 379 842 est.
403 784 539 842 Reductis
547 785 646 843 deinde
654 786 682 842 in
691 784 906 843 castrahostium
914 788 1012 862 copiis,

7 869 8 936 j
63 865 184 939 datoque
199 864 295 941 spatio
310 864 452 930 Romanis,
466 865 501 921 ad
515 866 727 940 comparandum
736 865 772 922 de
782 865 888 939 integro
898 866 1009 932 bellum,

7 995 8 1000 ,
65 943 244 1018 Tarquinius,
268 943 411 1018 ‘equitem
427 943 545 1000 maxims
558 944 615 1000 suis
626 945 721 1002 deesse
736 943 845 1000 vitibus’
859 957 934 1002 ratus
942 944 960 1014 ¹,
975 947 1010 1002 ad

65 1023 198 1087 Ramnes,
219 1021 376 1090 Tutienses,
399 1021 528 1090 Luceres,
543 1042 613 1098 quas
626 1022 762 1080 centurias
777 1023 913 1080 Romulus
926 1025 1011 1101 scrip·

64 1115 141 1169 serat,
163 1102 274 1162 addere
294 1101 361 1158 alias
380 1101 529 1168 constituit,
545 1121 650 1177 suoque
663 1102 783 1178 insignes
796 1103 948 1177 relinquero
962 1122 1010 1160 uo-

67 1181 144 1238 mina.
190 1180 227 1237 Id
251 1181 317 1256 quia
335 1180 498 1255 inaugurato
519 1181 657 1238 Romulus
676 1182 787 1247 lecerat,
807 1199 907 1258 negare
924 1181 1011 1239 Attus

68 1260 181 1327 Nerius,
202 1261 327 1336 inclytus
340 1260 373 1316 ei
386 1273 549 1335 tempestate
563 1280 658 1335 augur,
673 1267 680 1298 ‘
695 1260 908 1335 nequeuntem
923 1280 1011 1337 nequa

68 1347 189 1396 ‘novum
204 1339 350 1404 constitui,
366 1339 418 1394 nisi
437 1358 499 1396 aves
513 1341 690 1407 addixissent,
705 1359 785 1416 posse
794 1339 822 1395 ².'
864 1339 908 1396 Ex
925 1359 958 1398 eo
972 1343 1012 1398 ira

68 1420 119 1492 regi
136 1432 228 1486 mota,
248 1419 420 1492 eludensque
436 1431 531 1485 artem,
545 1431 577 1476 ut
590 1420 689 1486 lerunt,
714 1428 722 1454 ‘
744 1419 893 1495 Agedum,’
913 1420 1010 1496 inquit,

70 1497 180 1554 ‘divine
200 1510 244 1564 tu,
266 1499 408 1571 inaugura,
429 1497 523 1554 fierine
542 1499 638 1574 possit,
658 1498 732 1574 quod
753 1519 826 1556 nunc
847 1517 900 1574 ego
918 1511 1010 1557 mente

70 1576 235 1652 ‘concipio’
278 1577 374 1640 Quum
394 1576 447 1643 ille,
469 1577 496 1632 in
517 1577 709 1652 auguriorum
730 1591 868 1653 expertus,
887 1580 1011 1654 profecto

69 1657 183 1713 laturam
199 1655 336 1712 dixisset:
359 1662 366 1692 ⁶
383 1655 470 1730 Atqui
483 1655 536 1714 hoo
548 1657 640 1713 animo
653 1657 771 1731 agitavi,’
785 1656 882 1732 inquit,
898 1666 906 1692 ‘
920 1671 947 1715 ta
961 1677 1010 1715 no·

72 1737 184 1792 ‘saculi
198 1747 293 1792 cotem
308 1734 493 1790 discissuram.
536 1737 612 1811 Cape
627 1734 701 1802 haec,
716 1750 744 1793 et
752 1755 852 1812 perage
861 1738 935 1811 quod
945 1757 1009 1795 aves

72 1821 150 1871 ‘tuae
164 1814 228 1872 lieri
243 1833 324 1889 posse
339 1812 522 1886 portendunt!
564 1823 571 1850 ⁴
587 1815 659 1872 Tum
671 1815 749 1871 illum
763 1815 835 1872 haud
849 1829 1010 1873 cunctanter

70 1893 233 1950 ‘discidisse
247 1891 347 1950 cotem'
361 1893 460 1950 ferunt.
501 1893 599 1951 Statua
613 1895 676 1950 Ani
696 1895 784 1969 capite
798 1895 896 1960 velato,
911 1915 967 1970 quo
981 1896 1008 1952 in

70 1973 126 2028 loco
138 1993 183 2028 res
198 1985 264 2029 acta
277 1984 329 2038 est,
346 1972 374 2027 in
388 1972 509 2040 comitio,
528 1973 555 2028 in
570 1974 698 2047 gradibus
716 1973 782 2049 ipsis
795 1975 830 2029 ad
844 1974 948 2030 laevam
962 1995 1009 2030 eu·
1107 2015 1108 2032 r

71 2052 121 2108 riae
133 2052 205 2108 luit:
221 2059 229 2086 ‘
244 2062 336 2108 cotem
350 2051 566 2126 quoquaeodem
578 2053 639 2108 loco
651 2053 731 2108 sitam
745 2051 837 2108 fnisse’
848 2067 1010 2120 memorant,
1107 2069 1108 2118 l

72 2139 120 2186 ‘nt
129 2143 204 2188 esset
218 2131 253 2188 ad
268 2143 393 2206 posteros
408 2130 530 2187 miraculi
540 2129 600 2206 ejus
608 2129 834 2187 monumentum!
876 2131 1010 2206 Auguriis
1107 2185 1108 2198 ,

70 2212 141 2266 certia
161 2210 373 2284 sacerdotioque
392 2229 526 2284 augurum
545 2221 637 2266 tantus
657 2208 743 2266 honos
761 2209 883 2270 accessit.
899 2225 929 2266 ut
943 2209 1009 2267 nihil
1097 2219 1108 2274 -ὲ

72 2289 129 2344 belli
138 2289 272 2364 domique
285 2301 390 2365 postea,
400 2289 451 2344 nisi
461 2289 602 2365 auspicato
615 2304 773 2363 gerereturt
793 2290 908 2347 concilia
921 2309 1009 2366 popu·

71 2367 96 2431 li,
106 2368 245 2424 exercitus
256 2368 355 2432 vocati,
368 2387 475 2424 summa
485 2377 602 2435 rerum,‘
616 2369 664 2425 uhi
674 2389 737 2426 aves
746 2387 799 2426 non
818 2370 1008 2435 admisissent,'

72 2446 262 2504 dirimerentur
269 2446 290 2502 ³.
332 2446 430 2522 Neque
444 2460 502 2504 tum
516 2447 680 2522 Tarquinius
693 2449 728 2505 de
741 2450 864 2524 equitum
880 2451 1009 2506 centuriis

70 2526 214 2600 quicquam
229 2526 362 2583 mutavit:
384 2545 498 2582 numero
511 2527 626 2584 alterum
641 2540 747 2584 tantum
760 2529 870 2605 adjecit,
890 2543 921 2585 ut
935 2525 1008 2586 mille

72 2619 98 2660 et
114 2605 269 2680 octingenti
290 2605 397 2680 equites
414 2606 442 2661 in
457 2605 543 2662 trihus
556 2607 685 2664 centuriis
698 2620 798 2664 essent.
840 2609 1007 2665 Posteriores

73 2685 150 2742 madh
163 2686 216 2742 sub
230 2685 328 2742 iisdem
343 2684 509 2753 nominihus,
527 2686 574 2760 qui
587 2686 673 2743 additi
687 2700 771 2753 erant,
786 2687 913 2763 appellati
926 2701 1006 2744 sunt:

72 2782 135 2836 quas
148 2783 232 2829 nnnc,
246 2765 312 2838 quia
324 2765 477 2838 geminatae
491 2779 564 2831 sunt,
579 2785 627 2822 sex
641 2778 739 2822 vocant
752 2767 897 2823 centurias.

108 2841 261 2900 XXXVII.
284 2843 347 2900 Hac
361 2854 438 2919 parte
452 2843 590 2919 copiarum
606 2845 694 2910 aucti,
709 2845 809 2902 iterum
823 2865 884 2902 cum
899 2844 1007 2903 Sabinis

75 2921 232 2997 confligitur.
275 2922 331 2980 Sed
351 2937 540 2998 praeterquam
561 2925 635 2997 quod
650 2925 750 2982 viribus
765 2938 887 2982 creverat
903 2925 1007 2983 Roma,

105 3079 110 3106 ¹
129 3081 171 3128 See
184 3081 258 3141 Chap.
279 3079 315 3130 13.
385 3082 395 3110 ¹
412 3085 539 3144 Negorna
551 3081 660 3144 negative
668 3081 752 3144 joined
765 3083 821 3130 with
833 3101 908 3147 neque
919 3090 1008 3136 mutari

77 3164 143 3210 raeque
158 3152 279 3198 constitui.
318 3149 354 3196 To
371 3167 428 3211 nego
446 3151 466 3195 is
483 3149 605 3212 generally
617 3149 747 3198 attributed
763 3152 802 3198 the
814 3151 878 3199 force
889 3152 918 3199 ol'
931 3157 1007 3204 dicere

76 3233 126 3264 non·
161 3217 213 3267 The
231 3215 351 3278 difficulty
362 3216 382 3264 is
398 3225 441 3278 got
457 3217 493 3264 rid
506 3217 544 3264 off
556 3220 587 3280 by
600 3218 719 3280 resolring
734 3218 753 3265 it
763 3217 815 3266 into
827 3223 902 3269 dicere
915 3233 1005 3271 comm.

75 3286 226 3340 Addirissent,
244 3282 292 3331 had
311 3284 448 3332 sanctioned
466 3284 502 3344 it;
521 3289 636 3336 Audivere
648 3285 707 3334 used
723 3286 748 3332 in
766 3287 805 3334 the
821 3303 886 3340 same
903 3303 1008 3336 senseat

74 3354 187 3400 adurittere
199 3353 224 3398 in
237 3367 251 3398 a
262 3350 386 3413 following
399 3368 505 3414 passage.
576 3353 585 3381 ³
603 3358 714 3409 Concilio,
727 3357 770 3418 &c-
807 3355 859 3402 The
871 3355 1007 3401 assemblies

74 3417 98 3462 ol
106 3419 143 3466 the
155 3419 241 3480 people
253 3434 315 3466 were
326 3418 459 3477 dismissed,
472 3421 511 3466 the
523 3421 678 3482 summoning
689 3420 718 3468 of
726 3423 766 3468 the
776 3421 875 3468 soldiers
884 3436 931 3464 oras
943 3431 1007 3480 post.

73 3485 155 3543 poned,
174 3486 198 3532 in
217 3487 290 3544 short,
309 3487 341 3534 all
359 3487 438 3546 affirirs
455 3487 483 3533 ol
498 3488 615 3534 whatever
631 3487 778 3548 importunae
790 3502 851 3534 were
866 3485 956 3530 broken
974 3487 1012 3532 off

74 3553 192 3599 whenever
205 3555 244 3604 the
257 3555 357 3619 Augure
375 3553 483 3602 declarod
502 3557 553 3604 that
570 3556 609 3600 the
627 3553 691 3604 birds
708 3554 754 3604 had
766 3563 808 3600 not
819 3550 956 3598 sanctioned
968 3553 1008 3608 the

74 3621 233 3685 proceedings.
641 3633 643 3640 ·
