2224 3862
100 217 160 276 296
326 203 330 212 ’
497 204 651 274 T.L1V11

104 375 221 468 ‘pigett
241 373 355 439 scilicet,
365 372 430 448 quie
442 372 510 430 levis
520 393 604 432 cause
613 371 678 432 belli
688 382 739 439 est,
754 372 882 430 nectutis
895 373 1051 450 quidquam

106 454 194 546 ‘J'usti
207 453 308 510 doloris
322 464 373 520 est,
388 453 462 544 quod
476 453 569 510 nossd
580 452 808 528 perseverandum
823 453 958 510 stimulet.
981 453 1053 530 Sep·

107 535 182 591 ‘ties
194 532 398 615 rebellarunt,
390 551 419 588 ιιι
433 551 501 608 pace
514 551 653 607 nunquam
674 531 723 588 fidi
741 532 868 588 fuerunt:
888 551 972 608 egres
986 551 1055 589 nos·

106 619 115 647 ⁴
129 626 186 670 tros
200 603 298 669 millies
308 611 469 687 depopulati
482 623 565 668 ιιιιι
586 611 733 668 Fidenates
743 610 885 668 deficeres
895 612 977 669 nobis
987 618 1054 668 coe

108 699 246 768 ‘geruntr
267 691 378 748 colonos
400 703 508 747 nostros
528 691 567 746 ibi
588 691 799 748 interfecerunt:
819 703 947 748 auctores
971 691 1053 748 luere

108 779 228 828 ‘eontra
243 769 291 847 jus
309 770 433 846 gentium
457 770 549 827 caedis
572 769 674 845 impiae
696 770 848 844 legatorum
872 781 1052 828 nostrorum:

108 858 117 886 ⁴
132 849 271 907 Etruriam
293 867 403 906 ornnem
417 849 548 905 advorsus
560 867 611 905 nos
625 848 762 906 concitare
776 848 931 916 voluerunt,
952 848 1053 906 hodie·

109 938 185 1004 ‘que
198 927 226 985 i'd
241 929 406 986 moliuntur:
428 947 472 984 res
485 940 642 1004 repetentes
655 928 759 1004 legatos
768 939 891 996 nostros,
899 927 976 986 hund
987 947 1052 1004 pro-

109 1017 117 1044 ⁴
131 1009 177 1066 cul
191 1007 268 1074 afuit,
282 1008 348 1082 quin
362 1007 503 1064 violarent.

148 1088 212 1144 V.⁴
227 1088 298 1145 Cum
314 1085 356 1143 his
369 1077 487 1143 molliter
506 1097 535 1144 et
554 1105 603 1161 per
621 1085 764 1143 dilationes
778 1085 879 1142 bellurn
893 1085 953 1160 geri
967 1105 1052 1162 opor·

109 1173 117 1202 ⁴
131 1166 239 1224 tet?
217 1185 241 1222 st
254 1186 304 1222 nos
318 1178 374 1223 turn
384 1165 491 1242 J'ustum
505 1165 599 1222 odium
613 1164 679 1221 nibil
694 1177 795 1231 moret,
815 1185 850 1222 ne
864 1165 912 1221 ille
924 1166 1050 1258 quidem,
1104 1221 1105 1226 ,

109 1253 117 1280 ⁴
131 1265 180 1304 oro
194 1265 252 1312 vos,
267 1245 402 1302 movent?
424 1245 562 1320 Operibus
576 1244 732 1318 ingentibus
745 1254 823 1318 septa
836 1245 901 1301 urbs
915 1257 968 1310 est,
989 1247 1051 1320 qui·
1104 1279 1105 1292 ι

58 1351 61 1356 ·
109 1328 183 1383 ‘bus
202 1325 274 1382 intre
294 1343 386 1381 muros
406 1330 547 1381 coercetur
566 1323 659 1379 hostis.
700 1323 810 1398 Agrum
828 1341 884 1380 non
903 1323 1001 1390 coluit,
1022 1337 1051 1381 et
1104 1379 1105 1390 ,

109 1411 118 1438 ⁴
132 1405 206 1462 culta
219 1415 340 1461 evastata
353 1416 417 1460 sunt
427 1403 508 1460 bello.
550 1401 580 1460 Si
589 1401 746 1460 reducimus
754 1402 916 1468 exercitum,
925 1403 990 1477 quis
997 1418 1048 1471 est,
1104 1407 1105 1468 l

110 1485 181 1560 ‘qui
204 1481 320 1550 dubitet,
345 1483 413 1550 illos,
435 1502 490 1540 non
508 1502 525 1539 ι
544 1481 696 1556 cupiditate
716 1480 804 1537 solim
819 1481 980 1548 ulciscendi,
1000 1484 1049 1540 sed
1104 1547 1105 1564 J

110 1564 215 1620 ‘etiarn
236 1561 398 1619 necessitate
418 1561 547 1637 impositi
560 1581 595 1617 ex
613 1560 702 1616 alieno
721 1561 879 1636 praedandi,
893 1580 981 1636 quum
1001 1581 1050 1632 sua

111 1648 120 1677 ⁴
134 1641 282 1708 amiserint,
297 1645 391 1716 ‘agrum
407 1654 530 1697 nostrum
544 1640 708 1698 invasuros?
730 1659 784 1696 non
798 1639 952 1697 differimus
965 1641 1050 1716 igitur

111 1721 237 1778 ‘bellum
260 1720 313 1776 isto
339 1720 460 1786 consilio,
487 1721 535 1776 sed
558 1719 630 1776 intra
652 1719 720 1775 fines
740 1729 848 1774 nostros
868 1719 1021 1796 accipimus
1031 1721 1048 1776 ¹.

110 1807 119 1835 ⁴
133 1799 233 1864 Quid?
254 1799 332 1866 illud,
347 1800 421 1874 quod
434 1798 543 1875 proprie
557 1799 592 1855 ad
607 1797 707 1854 milites
719 1798 847 1873 pertinet,
868 1798 970 1873 quibus
984 1800 1047 1855 boni

111 1888 119 1914 ⁴
134 1879 236 1936 tribuni
250 1879 336 1955 plebis
350 1898 435 1954 quum
449 1878 615 1954 stipendium
630 1889 793 1951 extorquere
807 1877 953 1942 voluerint,
975 1897 1047 1936 nunc

112 1955 289 2016 ‘consultum
304 1960 417 2033 repente
431 1958 534 2024 volunt,
544 1957 624 2048 quale
634 1956 697 2013 est?
714 1955 823 2012 Vallum
832 1957 1016 2048 fossamque,
1009 1977 1047 2013 m·

111 2039 222 2114 ‘gentis
238 2051 383 2131 utramque
403 2057 461 2094 rem
482 2038 580 2113 operis,
601 2055 650 2112 per
669 2047 777 2092 tentum
790 2036 871 2111 spatii
889 2036 1046 2093 duxerunt:

112 2117 266 2176 ‘castelle²
288 2113 378 2193 primi)
391 2135 487 2192 pauca,
509 2128 613 2192 postca,
634 2114 757 2172 exercitu
771 2128 861 2182 aucto,
882 2115 1047 2172 creberrime

110 2206 119 2233 ⁴
131 2198 274 2255 fecerunt
295 2195 461 2252 munitiones
475 2215 529 2252 non
543 2195 572 2251 in
585 2195 680 2250 urbem
694 2193 785 2260 modb,
800 2194 891 2250 sedin
906 2193 1045 2252 Etruriam

110 2276 215 2332 ‘etiam
236 2287 400 2350 spectantes,
424 2274 448 2330 si
468 2293 522 2349 qua
543 2274 608 2330 inde
623 2273 725 2330 auxilia
743 2273 862 2340 venium,
883 2293 1044 2350 opposuere.

110 2363 118 2391 ⁴
132 2354 209 2416 Quid
223 2365 319 2418 turres,
341 2354 407 2427 quid
421 2353 514 2410 vineas
527 2353 733 2426 testudinesque
746 2365 776 2408 et
787 2352 871 2408 elium
886 2371 1045 2428 oppugnen-

111 2441 119 2470 ⁴
133 2433 229 2489 derum
244 2431 353 2486 urbium
367 2447 526 2506 apparatum
541 2431 658 2506 loquar?
679 2441 880 2506 quumtantum
889 2431 994 2489 lebonis
1002 2451 1044 2489 ex-

109 2521 118 2548 ⁴
131 2511 259 2568 haustum
274 2510 318 2576 sit,
333 2523 361 2566 ot
374 2511 409 2566 ed
422 2511 504 2566 linem
513 2511 571 2586 jam
585 2510 675 2587 operis
689 2510 799 2566 taudem
808 2523 975 2586 perventum
986 2533 994 2578 ς
1006 2531 1044 2568 ιιι·
1104 2511 1105 2524 ἶ

111 2601 119 2627 ⁴
133 2590 316 2665 linquendene
326 2588 398 2646 ‘baec
418 2590 544 2655 censetis,
565 2602 597 2647 ιιι
609 2590 644 2646 ad
657 2601 788 2646 aestatem
804 2609 898 2646 rursus
911 2609 1001 2647 norus
1013 2591 1045 2646 de

6 2737 7 2744 p
109 2677 117 2706 ⁴
132 2669 238 2745 integro
252 2667 294 2725 his
308 2668 482 2726 instituendis
495 2669 645 2726 exsudetur
657 2669 755 2739 labor?
777 2668 890 2732 Quanto
901 2683 945 2726 est
959 2671 1044 2726 minus

109 2757 215 2824 ‘opera
237 2747 309 2806 tueri
329 2749 410 2815 fecte,
434 2759 463 2805 et
485 2748 595 2815 instare,
619 2760 648 2804 et
669 2767 851 2824 perseverare,
878 2749 1045 2824 defungique

6 2827 7 2900 ζ
108 2836 117 2864 ⁴
130 2828 221 2886 cura?
245 2827 342 2884 Brevis
352 2827 425 2884 enim
435 2823 557 2902 proiecti)
568 2847 611 2884 res
623 2838 674 2893 est,
688 2827 711 2882 si
722 2845 778 2883 uno
791 2839 888 2884 tenore
898 2829 1041 2904 peragitur,

108 2927 181 2966 ·neo
194 2907 246 2984 ipsi
260 2925 309 2984 per
321 2900 535 2964 intermissiones
547 2906 595 2965 hes
603 2905 798 2981 intervallaque
809 2906 954 3008 lentiorem
969 2924 1040 2983 spem

142 3065 149 3094 ¹
165 3068 317 3133 Differimus,
335 3066 379 3113 &e
418 3066 455 3128 By
468 3065 592 3128 following
609 3065 661 3112 that
671 3061 754 3112 advice
765 3062 794 3111 oi
808 3067 849 3112 the
860 3019 971 3114 tribunes
982 3065 1041 3120 tlrrn,

107 3151 144 3182 ue
161 3133 193 3180 do
211 3141 252 3180 not
264 3143 308 3192 put
318 3133 357 3180 off
370 3135 410 3180 the
421 3149 476 3186 war.
496 3137 540 3182 but
557 3133 648 3180 receive
660 3133 678 3179 it
688 3132 772 3180 within
785 3148 830 3180 our
841 3149 895 3180 own
909 3132 1040 3182 territories·

6 3207 7 3260 j
107 3203 116 3230 ²
129 3202 181 3253 The
192 3216 234 3248 use
241 3200 270 3246 of
278 3201 318 3246 the
327 3200 423 3248 castella
430 3200 451 3248 is
461 3201 516 3248 thus
525 3199 647 3249 described
645 3202 687 3278 'by
697 3199 798 3248 Caesar:
815 3201 899 3248 Castra
905 3199 1042 3262 opportunis
1055 3193 1057 3198 ’

6 3307 7 3316 ,
106 3268 166 3318 locis
182 3277 250 3316 erant
266 3266 351 3327 positu,
375 3267 455 3330 ibique
472 3268 568 3318 castella
593 3265 660 3316 xxiii.
680 3266 760 3326 fecte3
784 3267 903 3345 quibus
895 3283 920 3314 ιιι
945 3265 1042 3314 castellis

6 3349 7 3360 ¹
107 3335 212 3385 interdiu
229 3333 342 3382 stationes
359 3332 555 3394 disponebantur,
573 3351 604 3384 ne
621 3348 669 3398 qua
685 3334 765 3382 subito
782 3334 876 3394 eruptio
888 3333 972 3393 lieret3
989 3335 1041 3380 haec

105 3399 865 3518 qqdemnootuercubitoribuseofirmispruesidiistenebuntur
892 3401 923 3452 B.
938 3370 972 3450 (t'
982 3397 1039 3450 vti.
