2224 3862
386 223 513 284 arnan
533 221 586 282 ιι.
839 209 842 218 ’
912 227 969 286 aaa

68 392 74 420 ‘
81 386 201 444 luminare
214 384 346 443 Volscum
359 384 461 442 bellum
470 383 486 452 ;’
507 384 556 442 sed
569 381 651 458 legati
664 382 773 459 qubque
782 383 817 442 ab
828 381 935 442 Latinis
943 397 972 444 et
1025 421 1027 433 ·
1094 371 1095 382 ¹

65 465 169 524 Hernicis
186 463 360 532 nunciabant,
381 473 389 498 ⁴
403 461 469 520 Nou
489 465 553 520 ante
566 481 688 537 unquam
702 463 817 522 Volscos
830 483 882 522 nec
895 463 973 523 dirci-

65 547 118 601 *ιιι
136 545 259 620 legendis,
281 563 333 602 nec
356 543 489 602 exercitui
515 541 668 608 scribendo,
695 541 855 601 intentiores
880 544 973 602 fuisse.

65 620 152 698 ‘llnlgb
164 625 287 690 fremere,
306 635 354 680 aut
367 623 394 679 in
409 633 572 698 perpetuum
587 640 662 678 arma
675 621 830 697 bellumque
844 623 973 680 oblivioni
1094 667 1095 690 ,

65 704 158 770 ‘danda
167 703 320 779 jugumque
333 703 541 778 accipiendum
561 712 610 758 aut
623 701 664 767 iis,
679 719 741 757 cum
755 701 856 776 quibua
870 703 904 766 de
922 703 974 758 im·
1040 735 1042 748 ι
1094 703 1095 756 ἶ

64 781 139 858 ‘perio
157 795 285 849 certatur,
305 801 357 840 nec
370 783 480 849 virtute,
495 799 546 837 nec
559 779 699 856 patientiis,
714 800 766 838 uec
779 781 921 857 disciplinis
934 781 975 840 rei

64 861 183 918 ‘militaris
203 861 357 918 cedendum
379 859 456 917 esse.’
497 858 584 916 Haud
607 877 676 915 naua
696 860 830 917 attulere:
851 860 900 917 aed
923 880 975 918 neo

63 941 152 1015 perinde
172 940 267 998 Pane·
288 940 355 996 moti
370 951 450 1006 snnt;
470 951 499 996 et
513 938 546 996 C.
562 937 748 1014 Sempronius,
762 937 808 996 cui
821 959 853 996 ea
866 941 976 1015 provin·

63 1019 94 1076 oia
107 1020 166 1076 sorti
182 1020 283 1086 evenit,
304 1031 432 1094 tanquam
448 1017 667 1076 constantissimi
679 1037 718 1085 re,
733 1017 862 1074 ιοιιιιιιὲιι
882 1020 976 1088 fretus,

63 1098 168 1172 ‘qubd'
145 1099 253 1155 victuris
261 1098 356 1175 populi
367 1098 497 1155 adversus
507 1097 594 1153 victos
605 1097 661 1152 dux
671 1097 761 1165 asset‚’
772 1097 864 1154 omnia
872 1109 976 1155 temere

17 1217 19 1248 p
63 1196 85 1233 ae
100 1178 261 1252 negligenter
280 1177 354 1252 egit;
374 1172 443 1234 adab
467 1188 499 1233 ut
521 1175 680 1252 discipliuae
705 1177 847 1234 Romanae
864 1176 954 1253 plus
946 1197 976 1234 ιιι

17 1251 18 1320 l
63 1255 144 1313 Volsco
162 1257 294 1323 exercitu,
314 1255 394 1331 quiam
409 1257 438 1312 in
452 1255 589 1322 Romano,
604 1267 684 1312 esset.
726 1255 801 1330 Ergo
814 1256 931 1323 fortuna,
945 1268 978 1312 ιιι

17 1335 18 1412 ζ
62 1353 124 1410 saepe
141 1335 213 1404 alias,
229 1336 359 1392 virtutem
383 1347 426 1391 est
446 1347 549 1392 secuta.
591 1333 684 1391 Primo
705 1336 818 1410 proelio,
846 1335 920 1410 quod
943 1336 978 1393 ab

63 1413 202 1490 Sempronio
223 1415 333 1472 incante
352 1414 560 1489 inconsulteque
579 1415 756 1470 commissum
774 1427 824 1482 est,
845 1433 900 1470 non
914 1415 979 1471 snb-

17 1491 19 1566 }
62 1493 120 1550 aldiis
136 1495 243 1564 firmata
259 1495 327 1561 anie,
352 1513 407 1550 nou
427 1493 520 1567 equite
539 1491 605 1568 apte
625 1492 724 1561 locato,
745 1513 907 1554 concursum
928 1505 980 1550 est.

17 1575 18 1630 i
63 1571 152 1630 Clamor
163 1572 298 1630 rudrcrum
312 1572 430 1649 primum
443 1573 504 1640 fuit,
523 1573 577 1648 qud
591 1591 634 1630 rec
647 1571 809 1630 inclinatura
822 1586 912 1640 esset;
933 1593 981 1630 ex·

17 1677 18 1682 ¹
62 1651 148 1709 citatior
160 1653 335 1727 crebriorque
348 1653 383 1708 ab
397 1649 475 1710 hoste
488 1653 629 1720 sublatus;
648 1653 683 1708 ab
697 1652 830 1710 Romanis
844 1653 980 1721 dissonus,

62 1729 137 1806 inpar,
156 1731 268 1808 anguiis
288 1751 370 1808 caepa
384 1731 506 1800 iteratus,
519 1731 625 1788 incerto
638 1731 777 1789 clamore²
798 1732 920 1808 prodidit
932 1749 980 1808 pa·

62 1827 134 1867 nomm
152 1811 317 1867 animorum.
357 1809 401 1867 Eo
421 1811 537 1868 ferocior
556 1810 646 1867 illatus
662 1809 757 1876 hostis,
772 1831 870 1886 urgere
884 1811 980 1880 scutis,

62 1889 141 1946 micare
160 1890 277 1964 gladiis:
301 1889 386 1946 altera
409 1909 443 1946 ex
470 1901 547 1964 parte
568 1901 667 1946 nutant
689 1889 981 1965 circumspectantibus

62 1967 144 2040 galeae,
163 1981 192 2025 et
214 1969 312 2026 incerti
332 1968 481 2044 trepidant,
501 1968 692 2044 applicantque
707 1988 736 2024 se
750 1969 855 2026 turbae.
897 1967 982 2043 Signa

61 2065 118 2105 nnnc
130 2048 285 2104 resistentia
298 2047 462 2104 deseruntur
474 2048 508 2103 ab
525 2045 740 2122 antesignanis3,
755 2065 829 2103 nunc
837 2047 909 2104 inter
918 2066 983 2103 suos

61 2127 194 2216 manipulos
217 2126 393 2202 recipiuntur.
434 2125 567 2182 Nondum
586 2126 651 2199 fuga
671 2137 754 2193 certa,
778 2127 901 2182 nondum
925 2127 981 2184 vic·

61 2205 115 2262 toria
132 2218 198 2263 erat.
241 2205 311 2281 Tagi
331 2205 417 2280 magis
432 2201 583 2273 Romanus,
598 2223 679 2279 qnam
694 2223 826 2280 pugnare.
866 2203 983 2262 Volscus

60 2284 174 2342 inferre'
152 2304 241 2362 argna,
255 2304 352 2360 urgere
366 2285 462 2352 aciem,
476 2283 538 2360 plus
552 2283 644 2342 caedis
657 2281 777 2341 hostium
788 2284 890 2354 videre,
900 2303 983 2361 quam

58 2362 130 2437 lagae.

91 2443 253 2502 XXXVIII.
267 2443 330 2502 Jam
341 2443 667 2502 omnibuslocisceditnr.
700 2443 892 2520 Nequicquam
905 2445 983 2502 Sem·

60 2525 140 2593 pronio
152 2523 267 2582 consule
281 2523 440 2600 objurgante
454 2535 535 2600 atque
546 2513 680 2592 hortante,
691 2523 759 2580 nihil
768 2543 819 2581 nec
828 2525 983 2599 imperium,

60 2618 100 2657 nec
111 2604 238 2678 majestas
251 2603 374 2660 valebat.
395 2604 512 2679 dataque
526 2623 591 2660 mox
604 2616 681 2678 terga
693 2601 818 2660 hostibus
830 2603 929 2671 forent,
949 2623 985 2661 ne

60 2678 114 2736 Ser.
132 2682 310 2758 Tempanius,
331 2681 469 2740 decurio⁴
488 2683 621 2757 equitum,
645 2681 780 2739 labente'
768 2701 826 2758 pam
847 2701 886 2748 re,
907 2702 986 2758 prae·

59 2760 118 2816 senti
135 2763 228 2818 animo
248 2761 428 2818 subvenisset.
469 2761 525 2825 Qui
538 2781 623 2837 quum
642 2781 742 2836 magna
755 2780 823 2818 voce
837 2762 987 2819 exclamas·

59 2847 128 2906 set,
140 2853 173 2897 ut
189 2840 305 2915 equites,
326 2839 374 2914 qui
394 2840 496 2898 salvam
517 2841 712 2918 rempublicam
734 2840 835 2898 vellent
855 2859 925 2910 csse,
951 2860 986 2899 ex

86 2984 92 3012 ¹
109 2987 159 3034 The
169 2987 282 3052 majority
294 2987 323 3036 of
336 2988 376 3034 the
392 2989 444 3034 best
456 2987 531 3036 MSS.
546 2989 588 3034 has
604 2990 804 3037 constantissimos
815 2991 857 3045 νεὶ,
860 2991 987 3054 fortunae,

60 3052 99 3099 and
109 3055 147 3102 the
158 3055 272 3102 violation
285 3057 314 3102 of
327 3056 366 3102 the
383 3069 494 3102 common
512 3071 598 3118 usages
614 3057 656 3102 has
672 3059 733 3104 been
745 3055 854 3104 adduced
866 3072 892 3104 ss
907 3072 922 3102 a
936 3072 988 3117 cpo-

59 3119 126 3166 clrneu
147 3124 176 3170 of
199 3123 282 3184 Livy's
300 3119 406 3184 peculiar
426 3122 509 3178 idiom,
533 3123 670 3184 commonly
690 3122 766 3170 called
784 3123 821 3170 his
842 3124 987 3185 Patavinity.

60 3187 167 3237 'What
160 3207 181 3236 rs
192 3193 232 3238 the
242 3191 357 3252 meaning
367 3189 397 3237 ol
409 3194 504 3248 clausor,
523 3195 611 3240 incerto
628 3193 749 3240 emanere?
767 3191 828 3253 Li'vy
846 3191 921 3238 either
938 3192 988 3238 for-

60 3265 106 3334 got
112 3257 161 3305 that
177 3259 206 3306 he
222 3256 367 3306 introduced
382 3259 421 3304 the
437 3267 549 3305 sentence
560 3258 617 3304 with
635 3261 730 3315 clamor,
749 3273 777 3306 or
788 3274 824 3305 we
834 3268 899 3305 must
916 3257 989 3319 adopt

60 3315 117 3371 cortic
133 3340 179 3373 one
195 3327 225 3373 ol
239 3327 279 3373 the
295 3325 412 3386 proposed
425 3324 597 3378 emendations,
634 3327 702 3390 They
717 3341 756 3372 are
767 3337 853 3382 tenore,
872 3329 989 3387 clangore,

61 3406 141 3452 tonora,
159 3398 403 3451 commanentem,
427 3397 546 3455 languore,
571 3393 619 3440 aud
642 3393 861 3442 iocntoswithout
880 3396 987 3440 clamore.

61 3457 69 3484 3
83 3457 256 3524 Anterrguaorr,
275 3463 343 3508 those
360 3427 472 3522 stairding
484 3460 566 3508 before
577 3461 617 3506 the
629 3459 760 3517 standands,
772 3458 819 3506 and
832 3457 942 3518 assigned
952 3458 992 3504 for

61 3525 115 3574 their·
126 3529 264 3606 protectioni.
299 3529 309 3556 ⁴
329 3528 439 3591 Docring
449 3529 505 3574 here
516 3535 601 3590 quotes
614 3526 739 3589 VegetIus.
776 3525 858 3573 Habet
875 3538 924 3570 una
938 3533 990 3572 tur-

60 3596 196 3660 inaequitas
207 3595 307 3659 triginta
318 3595 377 3655 duo,
389 3595 445 3642 huic
455 3593 496 3658 qui
509 3603 610 3655 praeest,
622 3593 720 3641 decurio
732 3590 876 3639 nominatur.
1005 3591 1012 3603 '

509 3680 526 3717 Z
