2224 3862
108 191 169 253 260
498 188 537 248 .Τ.
557 187 659 248 LIVII

95 341 114 390 ἰ
145 347 271 408 XXXII.
292 347 365 406 Tum
386 347 522 424 trepidam
542 346 692 414 civitatem,
712 341 892 423 praeconibus
907 351 1044 424 patricos

105 429 235 496 dimissis,
250 428 368 486 dictator
381 428 590 502 adpcncionem
604 429 764 486 advocatam
785 428 931 503 increpuit,
953 429 1045 506 ‘quod

106 515 115 558 ι
129 507 235 566 animos
248 528 284 565 ex
297 523 355 565 tam
369 508 474 564 levibns
494 508 618 580 samanae
639 507 786 564 momentis
804 527 952 583 suspensos
972 530 1045 584 gare·

106 595 199 654 frent,
220 599 261 651 ut,
283 587 485 664 parvisjacturia
498 587 619 661 acceptis,
638 605 708 660 qnae
722 586 781 661 ipsa
794 606 848 642 nnn
864 587 967 646 virtute
987 587 1047 646 hos·

106 674 115 704 ⁴
129 667 208 734 tium,
226 687 277 724 nec
294 666 403 742 ignavii
418 667 538 724 Romani
551 665 700 734 exercitiis,
716 665 765 722 sed
779 665 917 723 discordiis
929 668 1046 743 impera·

105 753 228 812 ιιοιιιιιι,
243 759 356 822 accepta
369 747 413 812 sit,
429 745 585 822 Vejentem,
606 744 714 802 hostem
726 745 816 802 sexies
829 745 945 813 victum,
966 749 1048 823 perti·

104 833 260 892 ‘mesonca
275 825 447 900 Fidenasque
460 842 546 901 prope
565 824 675 900 saepius
695 835 788 900 captos
802 823 884 899 quam
905 845 1047 902 oppugna·

105 912 113 952 ἕ
127 917 179 962 ιιι.
220 905 342 962 Eosdem
356 917 385 962 et
400 905 542 962 Romanos
556 917 584 961 ιιι
597 902 691 961 hostes
704 923 775 971 esse,
789 905 836 979 qui
844 923 894 980 per
902 915 948 962 tot
958 907 1049 963 secula

105 984 244 1042 ifuerint:
259 985 370 1042 eosdem
384 984 498 1051 animos,
512 983 622 1042 easdem
636 983 846 1059 corporisvires,
860 984 961 1042 eudem
976 999 1048 1042 arma

104 1071 230 1140 ‘gerere
272 1064 309 1120 Se
328 1059 438 1140 quoqne
458 1063 576 1120 eundem
596 1063 760 1120 dictatorem
782 1061 871 1120 Mam.
891 1063 1048 1120 Aemilium
1093 1063 1094 1078 ¹

103 1151 196 1207 lesse,
211 1143 258 1218 qni
271 1146 335 1200 ante
351 1143 508 1218 VeJ'entium
523 1142 760 1217 Fidenatiumque,
773 1140 910 1218 adjunctis
924 1141 1047 1208 Faliscis,
1093 1135 1094 1174 7

104 1222 163 1280 *nd
178 1222 349 1280 Nomentum
363 1223 500 1280 exercitus
512 1221 630 1279 fuderit:
650 1233 679 1279 et
693 1221 998 1314 magistrnmJequitum
1013 1226 1047 1278 A.
1093 1227 1094 1230 ’

105 1301 287 1361 ‘Cornelium
302 1302 449 1360 eundem'
441 1321 471 1359 111
489 1301 548 1360 acie
567 1302 634 1368 fore,
654 1300 703 1376 qni
719 1301 810 1376 priore
829 1301 901 1358 bello
920 1303 1047 1359 tribunus
1093 1355 1094 1374 J

104 1383 273 1449 ‘militumt
294 1381 379 1440 Larte
404 1381 552 1438 Tolumnio
575 1401 640 1456 rege
660 1379 851 1456 Vejentium
843 1399 872 1436 ιιι
896 1394 1094 1460 conspectu
1093 1391 1094 1400 ¹

104 1461 244 1518 sonorum
258 1461 429 1518 exercituum
443 1460 543 1528 nocuo,
558 1461 645 1536 spolia
657 1459 750 1535 opima
759 1459 838 1518 Joris
849 1458 970 1517 Feretrii
979 1474 1044 1518 tem-
1093 1441 1094 1542 l

104 1539 172 1616 plo
180 1541 312 1598 intulerit
349 1541 432 1598 Proin
441 1559 585 1606 memores
600 1558 699 1598 secum
705 1537 868 1614 triumphos,
876 1559 974 1596 secum
986 1559 1045 1616 spo
1093 1565 1094 1604 3

104 1619 172 1687 ‘lia,
193 1640 287 1710 sanum
302 1619 443 1677 victoriam
458 1637 535 1684 esse;
554 1638 618 1676 eum
637 1617 763 1676 hostibus
783 1619 872 1676 scelus
891 1619 1044 1694 legatorum
1093 1623 1094 1654 ³

104 1705 113 1732 ‘
127 1711 223 1756 contra
235 1697 284 1774 jus
298 1699 421 1773 gentium
441 1699 657 1765 interfectorum,
676 1697 811 1756 caedem
804 1717 832 1754 nn
845 1717 915 1774 pcce
930 1699 1044 1757 Fidena-
1093 1731 1094 1788 J

104 1779 195 1836 ‘tium
206 1779 377 1843 colonorum,
389 1777 513 1835 inducias
526 1789 629 1852 ruptas,
643 1777 786 1852 septimam
802 1777 940 1834 infelicem
955 1779 1043 1836 dalec-
1093 1785 1094 1868 ι

103 1858 240 1926 ‘tionem
254 1877 330 1915 arma
343 1869 480 1933 caperent.
522 1857 611 1914 Simul
621 1869 711 1914 castra
719 1856 814 1914 castris
828 1857 1042 1933 conjunxissent
1093 1889 1094 1920 ι

104 1937 192 1996 ‘sctis
208 1938 354 2004 confidere,
375 1936 661 1994 consceleratissimis
682 1935 806 1992 hostibus
825 1936 990 1994 maternum
1010 1957 1042 1994 ex
1093 1935 1094 2002 i

104 2024 112 2052 ‘
104 2016 276 2092 ignominia
288 2015 425 2074 exercitiis
435 2017 554 2074 Romani
563 2017 695 2091 gaudium
707 2017 782 2084 lore:
794 2027 824 2073 et
836 2016 973 2092 populum
987 2017 1042 2074 Ilo·
1093 2021 1094 2204 J

103 2103 236 2154 *manum
256 2097 469 2163 intellecturum,
490 2109 594 2194 quanto
613 2095 710 2152 melinis
733 2095 769 2152 de
791 2095 934 2170 repascat
955 2097 1040 2154 meriti

104 2176 189 2243 ‘sint
204 2177 252 2254 qui
265 2195 295 2234 se
308 2177 470 2234 dictatorem
485 2175 596 2233 tertium
611 2175 749 2242 dixerint;
769 2173 923 2250 quamam,
939 2176 996 2250 qui,
1008 2129 1094 2232 obl

103 2261 112 2290 ⁴
126 2267 250 2331 ereptum
265 2275 396 2312 censurae
415 2274 539 2331 regnum,
558 2255 648 2311 labem
661 2255 798 2312 secundae
812 2253 967 2312 dictutunae
979 2275 1040 2312 snae

104 2341 112 2368 ‘
126 2333 322 2410 imposuerint
364 2334 444 2391 Votis
457 2335 557 2391 deinde
570 2335 735 2408 nuncupatis
751 2335 900 2409 proiectus,
921 2334 997 2392 mille
1014 2347 1039 2392 et
1093 2335 1094 2400 l

102 2412 267 2488 quingentos
277 2427 449 2488 passuscrtra
459 2413 674 2471 Frdcnnscastra
683 2413 772 2470 locat
787 2413 884 2469 dextra
894 2413 1037 2480 montibus
1093 2431 1094 2488 J

102 2492 180 2550 laeva
191 2491 285 2549 Tiberi
298 2505 492 2567 amneseptns.
534 2490 591 2548 ‘.T
606 2493 768 2556 Quinctium
781 2492 908 2552 Paucum
922 2493 1036 2569 legatum
1093 2505 1094 2580 J

104 2579 261 2647 ‘occupare
270 2584 377 2629 montes
379 2569 479 2672 ’jubaq¹
490 2571 841 2648 ιοιιιιιιΙιιιιιιιιιιιἱιιιιιιιιιιι
850 2591 960 2647 capere,
971 2573 1094 2648 qaod

104 2652 160 2708 ‘ab
169 2663 247 2726 tergo
255 2650 475 2710 laostrbuslcret
496 2651 561 2727 Ipse
571 2664 681 2726 postero
690 2651 743 2717 dre,
753 2670 837 2726 quum
849 2651 962 2710 Etrusci
971 2653 1037 2728 pleni
1093 2683 1094 2732 J

101 2731 259 2788 animorum
278 2733 312 2788 ob
333 2731 439 2806 pristini
459 2731 516 2787 diei
535 2731 647 2788 meliore
664 2731 815 2796 nossemus,
834 2749 918 2805 quarn
942 2732 1036 2808 pugni,
1093 2709 1094 2794 i

102 2809 130 2868 in
143 2810 230 2868 aciem
240 2811 443 2886 processissent,
456 2821 603 2868 ιιιιιιιιιιιι
613 2829 768 2900 parumper,
783 2811 848 2867 dum
858 2812 1037 2885 speculatores
1093 2819 1094 2882 Ῑ

101 2889 244 2956 releuant,
260 2890 440 2953 ‘Quinctium
452 2890 570 2946 erasisse
580 2889 607 2944 in
614 2888 715 2966 jugum
726 2890 912 2982 propinquum
927 2911 985 2948 arcs
976 2891 1038 2948 Fi·
1093 2903 1094 2960 ι

103 2969 275 3036 ‘denarum’
286 2987 364 3045 signo
372 2970 492 3045 profert
507 2969 686 3044 peditumque
694 2987 781 3026 acrem
791 2969 954 3027 1nstrnctom
963 2971 1038 3047 pleno
1093 2963 1094 3036 i

101 3051 211 3124 gradn²
234 3049 261 3106 in
275 3048 383 3106 hostem
396 3048 520 3106 inducit:
540 3049 680 3124 magistro
685 3049 808 3123 equitum
821 3049 996 3126 praecipic‘
1008 3069 1038 3106 ne
1093 3059 1094 3144 J

101 3177 103 3184 ·
136 3161 247 3224 'Livy’s
263 3175 316 3208 own
334 3159 432 3220 opinion
451 3175 483 3208 cn
500 3161 541 3207 the
556 3161 657 3223 subject,
670 3159 828 3218 advertedto,
840 3177 864 3222 p.
879 3161 938 3220 249,
951 3161 1039 3218 corel,
1093 3155 1094 3160 ¹

102 3229 123 3276 is
137 3229 195 3276 here
209 3228 299 3290 clearly
316 3227 445 3274 indicated.
524 3228 535 3256 '
553 3229 605 3276 'ilie
622 3229 734 3276 different
749 3229 855 3290 military
872 3245 944 3291 paces
961 3232 991 3278 oi
1003 3231 1039 3276 the

100 3299 213 3345 illumans
229 3311 270 3344 are
286 3291 381 3341 defined
398 3295 423 3340 in
440 3296 481 3342 the
492 3295 617 3358 following
628 3311 728 3360 passage
738 3297 802 3344 from
816 3297 954 3360 Vegetiass
975 3298 1039 3346 Mili

101 3365 147 3411 tari
159 3365 236 3426 gradu
251 3362 335 3426 viginti
348 3362 424 3408 millio
434 3377 548 3422 passuum
557 3364 622 3410 horis
630 3365 739 3444 quinque
748 3365 866 3412 duntaxat
877 3365 974 3414 aestivis
984 3381 1037 3412 con·
1093 3389 1094 3392 ι

101 3431 204 3479 licienda
221 3441 290 3480 sunt:
307 3433 377 3492 pleno
394 3438 475 3484 autem
491 3435 578 3492 gradu,
595 3431 638 3496 qui
654 3432 749 3479 citatior
760 3441 802 3487 est,
817 3431 918 3480 totidem
929 3432 1025 3481 horis'
1005 3448 1037 3478 ιι-

99 3497 162 3558 'ginti
180 3509 283 3578 quatuor
300 3496 376 3544 millio
387 3495 521 3558 peragenda
533 3507 602 3546 ιιιιιιι
623 3497 742 3564 quidquid
754 3497 903 3560 addideras
892 3511 945 3564 Jarn
957 3515 1037 3548 cursus

109 3573 144 3622 st,
157 3581 227 3630 anns
237 3565 341 3628 spatium
353 3577 402 3612 nnn
414 3573 491 3626 potest
503 3563 605 3616 delirum
682 3573 683 3578 ’
1093 3563 1094 3576 ’
