2230 3846
454 162 577 222 ιιιιιιιι
597 162 637 222 ιι.
966 165 1018 244 ιιι

105 323 222 382 ΧΧΙΧ.
245 321 371 396 Utrisque
385 340 415 378 ro
429 322 493 380 satis
507 321 621 398 expertri
629 321 646 388 ¹,
668 332 727 380 tum
748 321 859 380 demum
874 323 1016 381 consules:

73 410 79 435 ⁴
92 402 133 460 Ne
147 403 326 480 praedictum
341 401 456 474 negetis,
479 402 574 458 Patres
588 402 743 494 conscripti
764 401 842 460 adest
860 402 957 476 ingens
972 421 1015 458 se·

17 515 18 530 ,
72 483 168 538 ‘dirim
213 481 399 546 Postulamus,
423 493 455 536 ut
472 480 499 545 ii,
518 500 565 555 qur
557 481 723 538 ''maxime
716 481 850 557 ignaviam
864 481 1015 556 increpent,

72 562 183 618 ‘edsint
196 561 277 616 nobis
296 558 459 616 habentibus
476 560 622 616 delectum.
664 559 802 659 Aperrimi
824 560 955 636 cujusque
973 579 1016 618 er-

71 640 183 705 ιΙιιιιίο,
197 638 331 714 quando
323 651 362 695 ιιι
375 635 474 729 placet,
494 658 552 694 rem
569 638 700 729 egemus!
742 638 893 696 Redeunt'
887 659 914 695 ιιι
929 639 1015 696 tribu·

70 718 126 783 nel;
146 718 230 776 citeri
252 718 415 774 nominatim
437 737 521 773 unum
541 717 637 783 exiis,
657 718 705 809 qui
721 717 750 773 in
764 730 915 794 conspectu
928 731 1014 786 erant,

70 798 162 854 deditis
176 817 262 873 opere
247 796 386 872 jubent.
428 796 522 859 Quum
536 808 621 852 staret
635 798 744 862 tacitus,
759 797 874 854 et'circe
888 817 951 854 eum
965 797 1014 854 ali·

69 889 133 949 quot
146 875 304 941 bominum,
324 895 359 932 ne
374 875 445 932 sortb
459 875 612 940 violaretur,
633 876 800 933 constitisset
813 876 919 950 globus,
935 877 1014 934 licto·

69 975 123 1012 rem
137 956 176 1012 ad
189 975 256 1012 eum
270 954 397 1011 consules
412 953 533 1011 mittunt.
574 954 639 1016 Quo
652 955 770 1029 repulso,
785 967 843 1011 tum
859 950 933 1020 verb,
951 964 958 988 ⁸
973 956 1014 1010 in·

72 1035 205 1108 ‘dignum
227 1033 333 1090 facinus
354 1032 432 1099 esse,’
449 1033 628 1098 clamitantes,
650 1035 697 1107 qui
719 1034 832 1090 Petrum
854 1033 1015 1090 consulibus

70 1113 188 1180 ederent,
209 1113 340 1168 devolant
354 1113 389 1168 de
403 1112 538 1177 tribunali,
554 1125 586 1168 ut
598 1112 687 1168 lictori
701 1113 804 1170 auxilio
817 1125 917 1170 essent.
959 1111 1015 1170 Sed

70 1193 99 1248 ab
112 1192 220 1256 lictore,
235 1191 303 1246 nibil
317 1190 393 1247 aliud
407 1190 488 1264 quiam
501 1189 669 1265 prehendere
684 1190 832 1266 prohibito,
848 1211 933 1266 quum
949 1209 1014 1248 con·

71 1290 162 1328 versus
176 1272 205 1326 in
222 1271 319 1328 Patres
332 1271 453 1344 impetus
469 1282 551 1334 esset,
570 1271 713 1326 consulum
734 1271 887 1328 intercursu
901 1271 961 1326 rixa
973 1289 1015 1328 se·

71 1350 131 1406 data
144 1349 228 1408 est²:
248 1350 278 1406 in
292 1350 347 1424 quia
361 1363 462 1414 tamen,
476 1349 535 1404 sine
550 1349 648 1424 lapide,
663 1351 721 1407 sine
736 1350 800 1417 telo,
815 1350 876 1425 plus
889 1350 1016 1406 clamoris

71 1442 150 1503 atque
162 1430 276 1494 irarum,
288 1427 370 1502 quiam
382 1427 505 1504 iujuriae,
519 1429 617 1484 suerat.
652 1429 778 1496 Senatus,
789 1429 958 1486 tumultuose
969 1448 1016 1486 ιο·

71 1521 156 1574 cetus,
170 1508 370 1564 tumultuosius
380 1507 542 1574 consulitur,
556 1508 742 1581 quaestionem
758 1510 958 1584 postulantibus
972 1509 1014 1575 iis,

71 1588 114 1660 qui
128 1588 232 1662 pulsati
246 1587 364 1652 bierunt,
385 1586 550 1643 decernente
564 1586 733 1644 ferocissimo
746 1607 865 1662 quoque,
884 1607 939 1644 ιιοιι
953 1607 1015 1644 sen·

71 1668 162 1722 tentiis
177 1667 275 1740 megis,
290 1665 373 1740 qulam
387 1665 507 1722 clamore
518 1680 546 1722 et
556 1667 682 1740 strepitu.
709 1666 844 1733 Tandem,
859 1686 943 1741 quum
959 1667 1014 1724 irae

70 1746 245 1813 resedissent,
262 1745 489 1819 exprobrantibus
505 1745 672 1811 consulibua,
695 1745 801 1802 ‘nihilo
815 1746 876 1821 plus
890 1745 1014 1802 sanitatis

73 1824 120 1879 ‘in
135 1825 221 1891 curib,
243 1822 326 1898 quiem
345 1823 372 1878 in
391 1823 459 1887 foro,
477 1823 554 1888 esse,'
576 1824 670 1880 ordine
685 1825 789 1882 consuli
804 1825 904 1899 eoepit.
945 1823 1015 1880 Tres

71 1902 145 1960 luere
165 1903 329 1960 sententiae.
371 1901 403 1958 Ρ.
419 1902 558 1976 Virginius
576 1923 632 1958 rem
654 1923 709 1959 non
724 1902 889 1974 vulgabat³z
908 1910 915 1936 ⁴
932 1903 967 1958 de
981 1903 1014 1958 iis

74 1984 209 2048 ‘tautum
224 1981 282 2056 qui,
305 1982 387 2038 fidem
402 1981 490 2038 secuti
506 1983 536 2038 P.
553 1981 661 2038 Servilii
677 1982 806 2046 consulis,
826 1981 937 2046 Volsco,
953 1981 1014 2036 Au·

75 2067 187 2128 ‘runem
204 2061 363 2134 Sabinoque
378 2061 540 2117 militissent
553 2061 634 2125 bello,
647 2059 792 2133 egendum’
807 2059 945 2117 censebat.
980 2059 1016 2116 T.
1031 2115 1037 2134 ,

75 2138 190 2207 lartius,
213 2147 220 2174 ‘
236 2139 301 2196 Non
317 2140 345 2195 id
359 2151 468 2214 tempus
481 2159 550 2204 esse,
565 2152 597 2196 ut
611 2140 708 2196 merite
721 2139 913 2196 tantummodo
926 2139 1015 2194 exsol-

76 2226 230 2276 ‘rerentun
273 2218 373 2274 Totum
388 2219 494 2292 plebem
509 2239 572 2276 aere
591 2218 681 2274 alieno
699 2219 850 2275 demersam
866 2238 942 2274 esse:
963 2238 1015 2276 nec

76 2299 150 2356 ‘sisti
164 2317 248 2374 posse
257 2296 280 2364 ⁴,
299 2297 328 2352 ni
341 2297 469 2354 omnibus
490 2298 656 2354 consulatur.
698 2298 782 2364 Quin,
796 2298 819 2352 si
833 2298 885 2354 alia
898 2298 1013 2354 aliorum

75 2379 127 2434 ‘sit
140 2377 274 2442 conditio,
289 2376 401 2434 accendi
417 2377 502 2451 magis
516 2377 689 2443 discordiam,
708 2376 790 2451 qubm
807 2377 914 2434 sedari.'
956 2378 1012 2452 Ap.

74 2456 214 2524 Claudius,
240 2468 269 2514 et
291 2455 390 2512 naturit
411 2455 534 2522 immitis,
553 2469 581 2512 et
599 2455 728 2512 efferatus
749 2455 813 2512 binc
832 2456 919 2532 plebis
940 2457 1013 2524 odio,

71 2535 141 2594 illiue
154 2537 273 2594 Petrum
288 2533 422 2600 laudibus,
441 2534 524 2590 ‘Non
537 2533 670 2600 miser'iis,
684 2536 731 2602 ait,
747 2535 814 2592 ‘sed
824 2535 942 2602 licentiis,
954 2547 1013 2592 tau·

73 2621 150 2672 ‘tum
170 2615 313 2673 concitum
334 2615 491 2680 ιιιιιιιιιιιιιιι
511 2627 539 2669 et
552 2614 675 2670 lascivire
690 2614 776 2688 magis
791 2614 908 2689 plebem,
929 2613 1013 2690 quem

72 2695 205 2752 ‘saevire
247 2693 282 2750 ld
295 2688 364 2749 adeo
380 2692 480 2749 malurn
500 2713 534 2748 ex
550 2693 744 2803 provocepione
758 2706 862 2749 tratum.
903 2694 1015 2769 Quippe

71 2775 180 2831 ‘mines
194 2792 256 2830 esse
270 2772 424 2840 consulum,
442 2791 497 2828 non
511 2771 696 2848 imperium;
689 2772 763 2828 ·ubi
776 2773 811 2829 ed
825 2792 881 2838 eos,
897 2774 944 2847 qui
958 2773 1013 2830 ιιιιὲ

71 2853 275 2930 ‘peccaverint
295 2870 443 2926 provocare
463 2852 552 2908 liceat.
592 2815 764 2926 Agediim‚’'
756 2852 854 2927 lnquit,
876 2853 1014 2910 ‘dictato-

101 2967 108 2994 ¹
130 2963 250 3028 Utrdque,
264 2964 309 3010 &c
347 2964 400 3011 The
411 2963 551 3010 sentiments
562 2964 591 3010 of
604 2965 661 3010 both
677 2964 765 3024 perties
774 2965 864 3027 having
874 2966 934 3012 been
946 2967 1014 3014 suffi-

70 3035 156 3094 ciently
170 3031 241 3079 tried.
273 3034 399 3094 Repertus,
412 3032 510 3093 psssive,
524 3047 563 3078 see
575 3048 598 3091 p.
613 3031 654 3087 41,
667 3042 723 3078 note
735 3033 759 3080 5.
837 3033 847 3062 ²
864 3039 907 3082 Sed
919 3038 955 3092 ob,
967 3037 1011 3083 dc.

70 3103 127 3160 But,
139 3101 213 3148 when
225 3099 287 3146 their
298 3099 354 3160 lury
366 3098 412 3146 bod
424 3103 483 3146 been
495 3099 602 3146 diverted
614 3100 708 3162 against
720 3100 759 3146 the
771 3110 885 3158 senators,
898 3101 960 3148 from
973 3104 1013 3148 the

70 3169 147 3222 lictor,
166 3170 223 3214 who
237 3183 286 3212 wea
302 3165 358 3228 only
373 3167 501 3227 presented
519 3168 580 3212 from
600 3166 690 3230 seizing
707 3168 746 3214 tbe
764 3183 828 3225 man,
846 3170 886 3216 the
904 3169 950 3216 riot
965 3185 1014 3216 wes

69 3235 164 3299 quelled
176 3239 209 3298 by
222 3236 262 3282 tbe
273 3233 430 3282 interferenee
446 3235 475 3282 ol
489 3237 528 3281 the
543 3234 647 3284 consuls.
735 3235 745 3263 ¹
766 3239 886 3298 Vulgabat,
898 3252 947 3283 uon
960 3236 1014 3282 vul.

69 3320 150 3366 garem
168 3303 290 3361 faciebat3
310 3301 351 3348 did
373 3311 416 3348 not
432 3302 519 3349 extend
538 3302 575 3347 his
591 3303 682 3347 motion
701 3311 725 3348 ιο
742 3302 773 3347 nll
791 3303 1011 3362 indiscriminately.

69 3373 148 3421 ⁴Nec
171 3371 292 3418 civitatem
315 3373 366 3418 aisti
385 3364 459 3432 pionte,
484 3385 528 3416 ιιοι
545 3368 617 3414 could
641 3370 680 3414 tlre
703 3379 762 3416 stete
780 3373 809 3416 be
826 3368 995 3412 maintained
988 3383 1014 3416 ιιι

70 3441 153 3500 salety.
237 3435 263 3466 5
282 3441 382 3498 Quippe,
395 3440 438 3486 διο
453 3437 518 3484 since
530 3437 626 3494 threnis,
638 3445 680 3481 not
692 3450 779 3494 power,
794 3449 855 3480 nere
866 3433 898 3478 all
910 3435 960 3479 tbat
972 3436 1012 3480 be

68 3506 157 3569 louged
169 3515 195 3552 ιο
205 3507 244 3551 the
255 3503 360 3552 consuls.
