2230 3846
417 237 541 297 LIBER
562 237 618 298 111.
946 242 1003 300 lea

69 398 146 458 bonos
158 396 305 456 redditus:
326 408 356 456 et
377 395 467 454 Sestio
480 398 560 456 elteri
571 397 715 456 consulum
728 397 910 474 primianum,
928 397 1004 475 quod

67 499 120 538 eam
133 498 193 535 rem
207 477 319 554 collegii
330 476 416 534 invito
429 478 463 534 ad
475 477 570 536 Patres
583 477 722 536 retulerat.
762 478 817 536 His
827 480 944 555 proximi
955 479 1003 538 ba-

67 557 112 615 biti
122 557 207 633 legati
221 570 288 620 tres,
310 557 358 632 qui
378 555 502 614 Athenas
517 558 613 615 ierant.
655 555 743 614 Simul
757 571 788 614 ut
802 578 852 635 pro
865 559 1002 635 logatione

68 649 115 694 tau
128 636 283 712 longinquis
295 635 417 712 praemio
430 648 503 694 esset
515 635 619 694 honos:
639 635 721 692 simul
735 638 836 712 peritos
849 638 940 714 legum
954 659 1003 716 pe-

67 715 232 790 regrinarum
246 716 282 773 ad
293 715 436 774 condenda
444 733 514 774 nova
522 715 586 792 jura
595 715 658 772 usui
669 716 726 773 fore
735 717 890 776 credebant.
932 717 1003 794 Sup-

6 853 7 860 ,
66 793 171 870 plerere
191 795 279 852 ceteri
298 813 454 852 numerum.
494 794 601 854 Graves
615 795 724 871 quilque
737 807 826 853 aetate
840 796 942 854 electos
955 817 1004 854 no·

6 885 8 948 l
67 873 179 930 vissimis
200 873 338 948 suffragiis
357 873 457 942 ferunt,
477 892 533 948 quo
553 875 643 931 minias
662 874 789 932 ferociter
801 875 914 932 aliorum
929 877 1005 934 scitis

6 981 7 1026 l
66 953 273 1010 adversarentur
286 951 305 1007 ¹.
345 953 482 1028 Regimen
495 953 580 1010 totius
593 953 768 1030 magistratus
781 973 866 1032 penes
880 955 1005 1031 Appium

66 1043 120 1088 erat
130 1031 228 1088 favore
241 1031 337 1109 plebis.
379 1028 516 1107 Adeoque
533 1053 635 1090 novum
650 1031 703 1090 sibi
716 1033 855 1110 ingenium
870 1033 1005 1101 induerat,

6 1131 7 1142 ¹
67 1121 94 1168 ut
106 1109 245 1186 plebicola
265 1112 379 1186 repente
399 1110 543 1186 omnisque
561 1131 642 1170 aurae
655 1113 794 1188 popularis
807 1125 931 1188 captator
944 1133 1006 1171 eva·

66 1190 147 1256 deret,
163 1208 216 1265 pro
229 1189 300 1246 truci
311 1209 446 1266 saevoque
456 1190 620 1250 insectatore
640 1191 737 1267 plebis.
776 1190 896 1249 Decimo
905 1192 950 1249 die
958 1191 1006 1269 jus

67 1269 167 1344 populo
187 1267 291 1343 singuli
317 1269 477 1327 reddebant.
519 1269 563 1326 Eo
584 1271 629 1328 die
649 1289 734 1346 penes
753 1271 921 1345 praefectum
936 1270 1006 1347 juris

66 1347 148 1406 faeces
169 1347 319 1406 duodecim
339 1349 453 1406 eraut²:
473 1348 584 1424 collegis
603 1368 703 1407 novem
723 1350 824 1426 singuli
837 1350 945 1408 accensi
958 1370 1006 1427 ap-

64 1427 204 1503 parabant.
246 1425 285 1483 Et
298 1425 326 1482 in
346 1427 428 1486 uuicti
445 1429 592 1486 concordii
609 1428 680 1486 inter
692 1429 766 1505 ipsos
781 1428 844 1506 (qui
858 1449 1006 1488 cousensus

66 1505 176 1582 privatis
183 1505 326 1562 interdum
334 1505 437 1564 inutilis
447 1505 535 1582 esset)
544 1527 652 1564 summa
663 1508 792 1566 adversus
805 1509 873 1566 elios
884 1510 1007 1585 aequitas

66 1597 128 1644 erat
170 1583 375 1642 Moderationis
390 1605 486 1643 eornm
506 1599 698 1663 argumentum
719 1588 846 1666 exemplo
865 1589 947 1646 unius
967 1590 1007 1646 rei

66 1665 180 1732 actim,
191 1663 260 1721 satis
273 1663 333 1722 erit
373 1665 468 1729 Quum
476 1664 536 1724 sine
548 1665 742 1743 provocatione
749 1667 834 1726 creati
848 1681 948 1737 esseut,
960 1667 1007 1726 de·

66 1745 135 1801 fosso
144 1743 289 1810 cadavere,
304 1743 379 1800 domi
391 1743 465 1821 apud
481 1745 512 1802 P.
527 1743 657 1814 Sestium,
669 1747 798 1822 patriciae
805 1747 895 1823 gentis
909 1748 1006 1816 virum,

67 1823 184 1890 invento,
199 1821 362 1898 prolatoque
374 1822 403 1880 in
417 1823 586 1893 concionem,
601 1824 630 1881 in
643 1845 673 1882 re
683 1823 765 1902 juxti
775 1826 1007 1902 manifestdatque

66 1903 158 1968 atroci,
181 1901 217 1960 C.
230 1901 323 1960 Julius
336 1903 475 1960 demmvir
488 1903 561 1961 diem
577 1903 668 1962 Sestio
681 1904 759 1970 dixit,
774 1917 802 1962 et
815 1917 958 1962 accusator
971 1907 1007 1962 ad

67 1981 201 2058 populum
215 1981 330 2050 exstitit,
345 1982 424 2060 cujus
437 1981 478 2040 rei
487 1981 574 2060 judex
587 1981 726 2057 legitimus
739 1995 813 2040 erat:
834 1983 1007 2060 decessitque

63 2059 121 2151 jure
136 2079 201 2128 suo,
218 2072 251 2117 nt
270 2060 413 2138 demptum
429 2062 465 2120 de
478 2061 506 2118 vi
526 2061 701 2138 magistratus
717 2061 812 2138 populi
827 2061 946 2120 libertati
959 2064 1007 2120 ad·

7 2173 8 2182 ¹
77 2139 167 2198 iceret.

63 2159 75 2215 l
103 2217 245 2276 XXXIV.
266 2216 360 2284 Quum
380 2229 539 2301 promptum
559 2217 613 2278 hoc
626 2217 674 2296 jus
688 2219 763 2278 velut
783 2239 818 2278 ex
838 2221 948 2278 emculo
967 2221 1007 2278 in-

68 2311 227 2374 corruptum
236 2297 338 2374 pariter
348 2297 383 2354 ab
396 2297 439 2354 his
453 2298 554 2356 summi
568 2298 709 2375 infimique
723 2297 852 2368 ferrent³,
868 2311 926 2358 turn
941 2301 1009 2377 legi·
1108 2311 1109 2324 ¹

68 2375 117 2433 bue
136 2377 291 2435 condendis
311 2395 395 2456 opera
414 2377 545 2435 dabatur:
566 2378 725 2455 ingentique
738 2376 880 2437 hominum
895 2389 1008 2458 exspecs·

67 2455 170 2514 tatione
191 2455 339 2532 propositis
352 2455 449 2514 decem
462 2457 570 2524 tabulis,
591 2459 724 2535 populum
738 2459 773 2516 ad
788 2459 947 2518 concionem
962 2461 1009 2518 ad-

69 2547 251 2594 vocaverunt:
272 2546 308 2603 et,
324 2535 418 2610 ‘quud
431 2535 543 2605 bonum,
557 2537 687 2608 faustum,
702 2536 823 2613 felixque
834 2538 1009 2614 reipublicae,

70 2619 77 2647 ¹
89 2613 163 2690 ipsis,
178 2614 326 2689 liberisque
340 2633 434 2672 eorum
449 2627 530 2682 esset,
544 2615 593 2680 ire,
614 2628 642 2673 et
656 2616 747 2691 legero
760 2617 1009 2708 legespropositas’

65 2691 179 2768 jussere.
220 2692 289 2761 ‘Se,
310 2704 444 2768 quantum
465 2693 560 2751 decem
582 2692 725 2752 hominum
743 2694 859 2769 ingeniis
873 2697 1009 2772 provideri
1108 2743 1109 2752 ,

69 2771 218 2850 ‘potuerit
239 2771 367 2830 omnihus
382 2771 497 2828 summis
516 2773 670 2848 infimisque
685 2772 750 2851 jura
762 2773 901 2849 aequasse.
944 2776 1010 2835 Plus
1108 2809 1109 2852 p

70 2851 192 2928 ‘pollere
205 2851 356 2908 multomm
369 2850 479 2927 ingenia
491 2851 668 2927 consiliaque.
709 2851 857 2910 Versar'ent
870 2853 898 2912 in
912 2855 1010 2912 animis
1108 2885 1109 2888 ¹

71 2935 185 2988 ‘secum
205 2949 427 3009 unamquamque
447 2947 514 3001 rem,
536 2930 672 3007 agitarent
695 2931 794 2988 deinde
822 2934 1009 2992 sermonibusr

100 3079 107 3108 ¹
128 3081 215 3130 &over
223 3075 323 3143 quilque,
335 3077 378 3127 &c-
417 3077 484 3142 They
493 3084 553 3124 stete
564 3077 615 3124 that
627 3076 710 3142 (four)
721 3091 776 3125 men
788 3077 847 3138 also,
856 3078 978 3130 advenced
986 3082 1011 3130 iu

70 3143 116 3204 lil'e,
129 3162 192 3196 were
209 3144 300 3192 elected
317 3147 348 3206 by
361 3145 400 3194 the
416 3143 462 3192 last
479 3152 552 3202 votes,
570 3143 596 3192 in
610 3143 680 3192 order
696 3145 747 3193 that
763 3145 818 3208 they
835 3145 914 3210 might
924 3151 954 3196 be
966 3147 1012 3196 less

70 3212 238 3262 vehementia
256 3211 393 3274 opposition
409 3220 434 3258 to
451 3213 491 3258 the
502 3211 689 3259 enactmentsof
703 3213 742 3260 the
757 3213 843 3262 others.
885 3211 1011 3266 'Decimo

70 3285 112 3338 die,
125 3285 171 3330 &c-
208 3281 289 3344 Every
302 3281 369 3328 tenth
386 3279 432 3342 day
445 3279 503 3327 each
520 3278 639 3327 decemvir
658 3277 826 3328 administered
835 3281 923 3346 justice
934 3292 959 3328 to
970 3283 1011 3330 the

69 3349 162 3414 people.
201 3347 300 3410 During
312 3349 364 3398 thet
375 3346 421 3412 day
433 3363 459 3393 as
470 3362 581 3407 supreme
589 3346 668 3410 judge
677 3348 707 3394 he
718 3347 764 3396 had
777 3351 817 3394 the
828 3347 912 3394 twelve
924 3349 1008 3394 fasces.

69 3415 78 3444 ⁸
97 3423 187 3474 Quum,
200 3417 246 3463 dcc.
283 3414 371 3463 Whilst
381 3415 420 3460 the
432 3414 526 3476 highest
536 3411 584 3460 and
593 3415 633 3460 the
643 3415 726 3460 lowest
736 3413 799 3462 alilre
810 3427 871 3462 were
883 3413 1011 3474 receiving,

68 3494 93 3532 at
104 3487 144 3532 the
155 3483 233 3538 bande
245 3481 274 3529 of
282 3484 322 3534 the
334 3479 472 3532 decemviro,
490 3479 538 3526 this
548 3480 739 3530 administratiou
750 3480 779 3528 ot'
784 3477 880 3544 justice,
897 3492 923 3524 as
934 3477 1012 3530 iocor.

69 3552 174 3617 rupribte
185 3567 212 3602 ss
223 3551 262 3599 the
274 3549 380 3602 micent
388 3563 418 3600 un
430 3546 518 3598 oracle.

510 3615 566 3676 02
