2230 3846
115 190 156 250 90
506 191 542 254 Τ.
561 190 661 255 LIVII

116 361 284 425 raperentur,
303 371 438 408 concursu
456 351 599 410 bominum
617 353 676 410 rixa
690 370 723 408 ac
736 369 822 427 prope
836 348 977 426 proelium
993 351 1061 418 fuit;

116 429 255 504 parvaque
269 449 303 487 eu
317 451 347 487 re
360 432 395 487 ad
408 431 585 490 rebellionem
599 442 723 507 spectare
734 450 777 487 res
789 430 944 487 videbatur.
974 429 1063 506 Supra

116 507 184 564 belli
205 507 297 565 Latini
315 523 420 571 metum
435 511 464 568 id
481 512 590 586 qubque
604 523 764 574 accesserat,
784 509 859 584 qubd
877 509 994 584 triginta
1006 511 1062 586 jam

117 587 274 664 conjurasse
288 590 413 664 populos,
428 591 583 647 concitante
598 589 716 646 Octavio
728 587 857 645 Mamilio
870 589 939 644 satis
954 601 1063 644 consta·

116 663 173 722 bat.
194 666 228 722 In
237 665 288 724 heic
297 681 433 725 tantarum
442 669 648 744 exspectatione
656 687 748 725 rerum
756 667 874 724 solliciti
882 667 999 724 civitate
1007 668 1062 724 dic·

118 745 214 802 tatoris
227 747 345 822 primum
359 749 470 804 creandi
484 749 588 804 mentio
601 760 669 812 orta.
711 746 768 805 Sed
777 766 829 804 nec
843 766 899 821 quo
912 765 999 810 anno,
1014 766 1063 802 nec

118 824 217 897 quibus
237 826 403 893 consulibus,
425 827 511 902 ‘quia
529 846 563 884 ex
581 827 699 884 factione
716 825 867 900 Tarquinia
888 823 1003 892 essent,’
1025 825 1061 898 (id
1094 885 1095 892 χ

118 903 228 978 qubque
238 905 310 962 enim
323 906 464 979 traditan)
474 919 571 982 pamm
582 907 718 963 creditum
728 905 764 962 sit
772 904 790 972 ¹,
805 924 857 960 nec
868 904 932 978 quis
943 903 1061 978 primirm

118 981 236 1040 dictator
245 997 352 1041 creatus
362 986 406 1050 sit,
416 985 481 1042 satis
491 997 607 1042 constat.
628 985 715 1060 Apud
724 983 886 1040 veterrimos
894 995 1060 1040 tamenauc·

118 1072 191 1118 tores
203 1061 237 1118 Τ.
249 1062 374 1120 Lartium
386 1065 547 1122 dictatorem
558 1064 686 1136 primum,
698 1062 746 1138 Sp.
759 1063 888 1120 Cassium
899 1061 1059 1136 magistrum

118 1141 252 1215 equitum,
267 1155 373 1200 creatos
386 1143 504 1201 invenio.
546 1143 730 1200 Consulares'l
745 1143 852 1216 tegere:
871 1141 911 1197 ita
925 1140 974 1197 lex
985 1140 1061 1217 jube·

117 1218 174 1286 bat,
189 1221 224 1277 de
238 1221 371 1279 dictatore
384 1224 502 1280 creando
520 1223 583 1279 lata.
624 1217 679 1297 (Et
694 1220 780 1296 magis
798 1221 933 1284 adducor,
955 1233 986 1276 ut
1005 1239 1059 1276 cre·

119 1298 191 1365 dam,
201 1298 336 1365 Lartium,
348 1302 396 1376 qui
406 1302 554 1358 consularis
565 1300 651 1367 ³erat,
661 1299 760 1376 potiris,
771 1298 852 1374 quam
865 1297 998 1354 Manium
1008 1297 1060 1355 Va·

118 1377 226 1444 leriam,
242 1378 285 1434 M.
299 1379 394 1446 lilium,
408 1381 501 1437 Volesi
515 1394 654 1456 nepotem,
665 1379 712 1453 qui
723 1380 846 1434 nondum
856 1379 954 1434 consul
967 1378 1058 1443 luerat,

119 1457 319 1514 moderatorem
334 1471 362 1514 et
376 1459 536 1532 magistrum
553 1459 710 1516 consulibus
728 1457 914 1534 appositum.)
959 1457 1024 1523 Qui,
1038 1457 1059 1512 si

119 1536 239 1593 maxime
253 1557 287 1593 ex
301 1538 335 1593 eti
347 1539 449 1594 familiia
463 1539 516 1613 legi
537 1539 699 1594 dictatorem
714 1537 823 1602 vellent,
845 1549 957 1611 patrem
976 1535 1061 1591 multb

119 1614 211 1688 potiris
229 1615 269 1670 M.
287 1615 436 1681 Valerium,
457 1629 596 1693 spectatae
611 1616 719 1672 virtutis
732 1629 761 1672 et
775 1615 950 1672 consularem
966 1615 1057 1680 vuum,

119 1693 257 1767 legissent.
299 1695 400 1752 Creato
414 1697 547 1753 dictatore
562 1695 679 1770 primirm
697 1695 811 1760 Romae,
826 1705 975 1770 postquam
986 1712 1059 1768 prae·

118 1771 184 1828 ferri
197 1793 307 1830 secures
320 1774 457 1842 viderunt,
477 1794 592 1850 magnus
606 1775 713 1848 plebem
734 1786 824 1830 metus
838 1773 963 1837 incessit,
978 1786 1008 1828 ut
1021 1772 1057 1828 in·

118 1849 251 1908 tectiores
265 1866 356 1910 essent
370 1855 404 1910 ad
419 1855 493 1911 dicto
504 1854 663 1930 parendum.
706 1852 804 1927 Neque
818 1852 901 1918 enim,
916 1865 951 1908 ut
961 1852 989 1908 in
1000 1870 1057 1908 con·

120 1931 233 1996 suliburr,
253 1933 300 2008 qui
321 1933 378 2008 pari
399 1945 535 2008 potestate
555 1944 655 1996 essent,
677 1932 788 1988 alterius
808 1931 953 1998 auxilium,
974 1949 1058 2004 neque

120 2011 279 2084 provocatio
294 2024 370 2077 erat;
389 2032 478 2088 neque
499 2012 584 2070 ullam
605 2030 721 2086 usquam
742 2011 795 2066 nisi
815 2011 843 2066 in
859 2010 927 2066 curri
942 2009 1056 2085 parendi,

120 2090 261 2148 auxilium.
303 2090 411 2156 Sabinis
425 2093 508 2150 etiam
523 2103 630 2148 creatus
646 2091 752 2147 Romae
766 2090 892 2156 dictator,
910 2089 963 2164 (eo
977 2087 1056 2162 magia

120 2169 195 2242 qubd
209 2183 321 2245 propter
334 2191 363 2227 se
378 2185 500 2228 creatum
514 2167 711 2242 crediderant)
727 2181 831 2226 metum
841 2168 968 2225 incussit.
1006 2167 1055 2223 lta·

121 2265 175 2320 que
196 2249 300 2323 legatos
320 2251 355 2306 de
373 2269 440 2326 pace
455 2251 578 2306 mittunt.
611 2247 728 2313 Quibus,
744 2247 884 2304 orantibus
898 2247 1055 2304 dictatorem

121 2339 311 2402 senatumque,
323 2337 329 2361 ‘
340 2340 372 2384 ut
382 2329 487 2390 veniam
499 2329 597 2384 erroris
610 2326 766 2384 bominibus
780 2325 1001 2383 adolescentibus
1015 2326 1056 2381 da·

123 2411 130 2438 ‘
145 2411 223 2471 rent,'
236 2425 395 2480 responsum
402 2416 410 2472 ’ς
424 2417 432 2442 ‘
443 2407 548 2482 ignosci
557 2405 776 2464 adolescentibus
786 2424 875 2481 posse,
887 2405 998 2461 senibus
1006 2423 1055 2460 non

123 2491 234 2560 ‘posse
256 2485 303 2560 qui
322 2485 395 2542 bella
412 2506 446 2542 ex
467 2486 545 2543 bellis
565 2483 702 2542 sererent’
745 2487 849 2541 Actum
864 2496 959 2540 tamen
973 2497 1013 2540 est
1025 2484 1054 2538 de

124 2584 211 2638 pace;
229 2565 428 2640 impetrataque
442 2567 520 2631 foret,
535 2565 566 2629 si,
576 2565 650 2639 quod
661 2564 911 2639 impensaefactum
922 2563 948 2619 in
963 2563 1054 2618 bellum

123 2657 189 2711 erat,
211 2657 347 2720 praestare
364 2644 466 2714 Sabini,
476 2643 521 2720 (id
534 2645 607 2702 enim
621 2643 789 2720 postulatum
804 2641 888 2716 erat)
903 2642 930 2698 iu
940 2643 1054 2698 animum

156 2789 163 2819 ¹
183 2795 237 2842 Nec
248 2795 340 2856 quibat·
378 2792 431 2840 Nor
442 2792 497 2840 who
507 2805 569 2838 were
579 2791 618 2837 the
631 2789 728 2838 consuls
739 2788 764 2836 in
776 2789 854 2835 whom
866 2786 1004 2835 conlidence
1013 2800 1054 2831 was

120 2867 166 2905 not
176 2859 284 2919 reposed,
304 2865 311 2888 ‘
324 2859 442 2917 because,⁹
461 2860 510 2920 (for
520 2861 573 2907 that
584 2859 634 2908 also
645 2857 665 2905 is
676 2855 803 2918 asserted)
821 2857 895 2924 ‘they
907 2853 1022 2917 belonged
1032 2861 1053 2898 to

121 2927 182 2974 ‘the
194 2927 284 2976 fection
296 2928 373 2976 which
390 2927 505 2976 favoured
523 2928 562 2975 the
575 2925 715 2988 Tarquins.’
801 2919 976 2974 'commarca
1012 2920 1054 2968 Ac·
1094 2981 1095 2984 Ἴ

122 2995 223 3058 cordlng
240 3006 264 3044 to
283 2996 456 3045 Drakenborch
473 2995 521 3043 and
541 2995 578 3042 Dr
591 2991 697 3052 Huuter',
716 2993 757 3041 the
774 2990 921 3039 nominative
931 2999 958 3038 to
976 2987 1051 3050 legere,

122 3063 171 3110 and
182 3063 323 3112 antecedent
334 3074 360 3112 te
372 3068 427 3122 Qui,
440 3065 466 3110 in
477 3065 517 3110 the
529 3061 619 3111 second
629 3070 741 3108 sentence
749 3059 834 3106 below.
873 3059 950 3106 Other
961 3055 1053 3106 editiom
1094 3073 1095 3092 t

122 3130 194 3178 make
205 3132 224 3179 it
236 3135 276 3180 the
289 3133 422 3180 accusative
432 3130 554 3196 gevemed
566 3133 599 3194 hy
609 3129 691 3192 legere,
708 3131 753 3176 hut
770 3127 826 3188 they
837 3141 877 3173 ere
889 3119 1053 3186 triumphumn
1094 3157 1095 3184 ,

122 3199 217 3246 related
228 3202 260 3262 by
274 3201 311 3248 Dr
324 3201 430 3248 Hurrter.
497 3199 507 3228 ⁸
520 3201 541 3247 A
555 3197 664 3261 singular
673 3212 715 3244 use
726 3195 755 3242 of
766 3197 905 3249 contuleris,
918 3209 933 3240 a
943 3190 1052 3240 manuhe
1094 3195 1095 3256 j

123 3271 171 3316 laod
182 3271 237 3317 beera
248 3267 342 3325 consul,
359 3265 456 3328 applied
468 3275 493 3314 to
506 3266 611 3322 Lartius,
630 3265 684 3311 who
695 3281 742 3312 war
754 3261 847 3318 consul,
866 3260 947 3308 unless
959 3273 993 3306 we
1003 3272 1051 3316 sup·
1094 3283 1095 3308 r

124 3349 182 3394 pose
192 3337 244 3382 that
255 3335 285 3381 be
296 3351 345 3382 was
362 3332 475 3382 denuded
486 3335 515 3380 ol'
528 3335 568 3380 the
585 3331 723 3391 consulship
734 3345 761 3376 as
777 3345 791 3376 a
808 3327 962 3390 preliminary
973 3332 1052 3400 stepto

123 3403 163 3448 the
174 3402 341 3464 appointment
351 3402 381 3450 of
388 3417 403 3448 a
414 3401 521 3450 dictator.
550 3401 575 3450 It
582 3416 638 3462 may
647 3399 703 3446 here
711 3401 741 3446 be
751 3395 853 3452 noticed,
867 3397 919 3443 that
932 3394 1053 3464 Dionysius

124 3469 204 3527 places
215 3472 254 3517 the
266 3469 433 3532 appoiotment
445 3469 474 3515 of
481 3485 496 3515 a
507 3467 608 3528 dictator
625 3469 690 3516 three
707 3481 775 3532 years
792 3465 859 3522 later,
877 3465 902 3511 in
915 3463 955 3512 the
967 3457 1053 3512 consul·

123 3535 177 3597 ship
188 3539 217 3586 of
228 3537 334 3588 Cloelius
346 3536 393 3586 and
406 3535 511 3586 Lartius.
