2232 3862
441 232 565 292 menn
586 228 610 292 1.
872 269 874 274 -
949 233 993 306 ¹oa
1107 199 1108 272 ἶ

7 441 8 456 ,
87 387 182 446 LVII.
202 391 327 450 Ardeam
338 391 438 450 Rutuli
448 391 593 461 habebant,
607 411 682 470 gens,
693 402 725 450 ut
736 392 766 450 in
779 392 813 450 eri
825 392 936 470 regione
949 403 992 449 at·

7 487 8 510 ι
55 487 100 542 que
113 469 142 525 ia
156 470 192 526 eri
205 481 305 536 aetate,
320 472 423 529 divitiis
436 474 615 550 praepollens.
650 471 746 548 anue
760 471 819 548 ipsa
832 489 914 529 causa
926 471 992 529 belli

56 547 108 614 luit,
126 549 204 622 quod
219 569 270 606 rex
285 550 429 608 Romanas
442 562 501 608 tum
515 552 575 628 ipse
589 551 678 619 ditari,
698 549 849 609 exhaustus
867 551 992 626 magnili-

55 627 137 683 centiri
147 629 327 703 publicorum
346 649 470 706 operum,
491 641 551 686 turn
568 631 670 707 praedi
687 630 801 687 delinire
818 629 993 706 popularium

55 705 151 762 animos
159 707 513 784 studebat3praeteraliam
522 709 677 786 superbiam
685 727 770 784 reguo
778 708 891 766 infestos
899 708 993 775 etiam,

57 785 122 856 quod
142 791 198 842 ‘se
219 787 249 842 in
267 787 406 844 fabrorum
424 789 580 846 ministeriis
601 806 633 845 ac
653 787 744 845 servili
761 787 867 845 tamdiu
887 786 994 845 habitos

58 871 153 938 ‘opere
167 865 206 920 ab
218 864 294 940 rege’
308 867 526 942 indignabantur.
555 866 674 924 Tentata
685 885 729 924 res
739 877 790 934 est,
804 865 828 922 si
841 865 930 942 primo
943 867 995 923 im·

58 954 114 1015 petu
127 944 192 1019 capi
208 944 307 1002 Ardea
319 957 421 1021 posset.
461 946 518 1005 Ubi
535 945 565 1001 id
582 964 678 1021 parum
691 945 833 1022 processit,
854 945 996 1004 obsidione

41 1087 43 1090 ¹
58 1021 309 1098 munitionibusque
323 1017 430 1100 coepti¹
444 1024 532 1102 premi
545 1022 647 1082 hostes.
687 1024 720 1081 In
732 1025 766 1081 iis
779 1023 895 1092 stativis,
915 1036 948 1082 ιιι
966 1024 998 1081 fit

59 1099 129 1175 lango
143 1103 237 1176 magis
256 1102 340 1178 quarn
361 1104 417 1160 aori
436 1103 516 1171 bello,
537 1103 603 1160 satis
622 1103 700 1160 liberi
720 1115 890 1160 commeatus
904 1115 997 1160 erant:

59 1179 218 1253 primoribus
231 1193 327 1238 tamen
342 1182 437 1258 magis,
451 1181 533 1258 quam
549 1182 690 1239 militibus.
731 1181 814 1256 Regii
828 1181 940 1256 quidem
950 1180 998 1257 ju·

61 1277 131 1315 renes
145 1259 292 1316 interdum
307 1261 394 1318 otium
406 1261 537 1319 conviviis
547 1260 874 1335 commessationibusque
884 1259 956 1317 iuter
969 1279 999 1317 se

60 1338 185 1395 terebant.
229 1338 315 1396 Forte
329 1341 487 1416 potantibus
507 1339 549 1396 his
569 1341 644 1417 apud
659 1339 725 1399 Sex.
739 1339 930 1414 Tarquinium,
950 1339 1000 1396 ubi

61 1429 84 1471 et
99 1415 259 1474 Collatinus
277 1421 411 1476 coenabat
431 1419 605 1495 Tarquinius,
628 1419 722 1495 Egerii
742 1418 828 1487 filius,
847 1418 944 1476 incidit
965 1420 1000 1476 de

60 1496 184 1552 uxoribus
199 1498 326 1554 mentio:
346 1499 554 1575 unumquisque
572 1499 683 1556 laudare
703 1497 779 1554 miris
793 1498 890 1555 modis.
931 1497 1001 1556 Inde

60 1575 202 1632 certamine
216 1595 345 1644 accenso,
361 1577 515 1635 Collatinus
528 1591 619 1653 negat,
637 1585 645 1613 ‘
660 1577 749 1634 verbis
762 1595 832 1654 opus
845 1596 915 1644 esse,
933 1597 1002 1653 pau·

61 1654 114 1710 ‘cis
126 1654 156 1710 id
170 1653 288 1728 quidem
303 1655 377 1712 horis
386 1675 467 1734 posse
476 1657 547 1726 sciri,
560 1669 692 1734 quantum
703 1655 801 1714 ceteris
811 1668 932 1732 praestet
943 1656 1001 1713 Lu·

62 1733 161 1790 ‘aretia
182 1753 244 1790 sua.
286 1735 382 1798 ²Quin
402 1735 426 1792 si
445 1736 523 1812 vigor
538 1736 670 1814 juventae
690 1736 770 1803 inest,
791 1735 1002 1792 conscendimus

62 1818 172 1886 ‘equos,
187 1811 389 1890 invisimusque
402 1829 560 1890 praetrente
573 1827 727 1872 nostrarum
743 1814 874 1888 ingonia?
895 1813 930 1870 ld
943 1815 1002 1872 oui-

62 1896 131 1964 ‘que
143 1893 382 1967 spectatissimum
401 1895 445 1962 sit,
466 1897 540 1968 quod
559 1914 612 1952 neo
631 1893 743 1969 opinato
758 1893 809 1948 riri
822 1893 943 1950 adventu
956 1913 1004 1950 oc·

63 1971 195 2027 ‘currerit
209 1971 316 2028 oculis!
344 1972 601 2032 Incaluerantvino.
630 1973 716 2047 ‘Age
726 1969 809 2037 sane,’
823 1989 928 2028 omues.
957 1972 1005 2038 ci,

62 2050 1006 2213 titilltlltllllll,lllllll‘&lllllllll
1107 2125 1108 2212 3

64 2207 182 2274 aretiam,
196 2205 410 2283 haudquaquam
421 2220 453 2266 nt
463 2211 551 2286 regias
562 2227 656 2274 nurus,
670 2225 738 2283 quas
748 2207 776 2262 in
787 2206 913 2263 convivio
925 2207 1007 2264 luxu·

64 2305 112 2360 que
125 2305 192 2343 oum
207 2287 368 2360 aequalibus
382 2289 506 2346 videraut
519 2301 629 2365 tempus
644 2297 774 2352 terentes,
789 2286 838 2343 sed
851 2299 933 2344 nocte
947 2288 1008 2345 seni

65 2365 183 2422 deditam
200 2365 280 2422 lanae
294 2367 366 2423 inter
379 2367 552 2425 lucubrantes
566 2366 676 2424 ancillas
692 2366 720 2421 in
734 2365 826 2422 medio
839 2365 949 2423 aedium
964 2387 1007 2424 se·
1107 2423 1108 2446 ,

65 2445 173 2502 dentem
188 2443 344 2501 inveniunt.
385 2444 531 2503 Muliebris
548 2445 704 2504 certaminis
724 2444 783 2500 laus
803 2463 888 2520 penes
901 2445 1007 2504 Lucre·

65 2521 206 2578 tiamfuit.
236 2524 398 2582 Adveniens
408 2526 450 2580 vir
460 2524 657 2600 Tarquiniique
667 2523 777 2599 excepti
787 2524 913 2600 benigne.
942 2525 1007 2584 Vic-

65 2613 106 2657 tor
117 2601 237 2658 maritus
251 2602 368 2660 comiter
381 2603 479 2660 inritat
493 2605 581 2680 regios
590 2603 717 2679 juvenes.
753 2601 797 2658 Ibi
813 2601 877 2660 Sex.
892 2603 1009 2680 Tarqui·

65 2680 138 2736 nium
154 2679 229 2737 mala
241 2680 326 2738 libido
340 2680 487 2740 Lucretiae
500 2683 618 2760 pervim
631 2681 797 2759 stuprandae
811 2681 893 2758 capit.
934 2683 1008 2741 Tum

66 2759 159 2828 forma,
173 2770 237 2816 tum
250 2772 373 2835 spectata
386 2761 496 2819 castitas
510 2762 614 2820 incitat.
648 2761 687 2818 Et
699 2772 759 2818 tum
773 2761 886 2835 quidem
899 2763 933 2820 ab
944 2783 1010 2822 noc·

67 2849 146 2894 turno
155 2837 275 2915 juvenili
288 2839 354 2896 ludo
367 2839 396 2896 in
410 2853 498 2898 castra
510 2842 636 2898 redeunt.

102 2915 216 2974 LVIII.
237 2917 337 2976 Paucis
357 2918 507 2996 interjectis
527 2921 632 2985 diebus,
655 2918 719 2977 Sex.
738 2917 903 2994 Tarquinius
923 2921 1011 2980 inscio

69 2994 216 3064 Collatino,
234 3015 297 3054 cum
319 2998 420 3056 comite
439 3019 496 3056 uuo
511 2998 657 3056 Collatiam
675 2996 759 3055 venit.
803 2998 858 3057 Ubi
878 3014 1011 3078 exceptus

69 3073 186 3150 benigne
200 3075 234 3133 ab
248 3075 349 3152 ignaris
358 3077 472 3146 consilii,
487 3097 572 3154 quum
583 3090 646 3154 poet
655 3095 769 3136 coenam
780 3076 809 3133 in
819 3076 952 3154 hospitale
963 3101 1012 3140 cu·

70 3152 191 3210 biculum
210 3155 346 3212 deductus
364 3169 445 3224 esset,
466 3175 558 3214 amore
575 3158 682 3222 ardens,
704 3167 850 3232 postquam
868 3159 934 3216 satis
951 3172 1012 3218 tnta

71 3231 148 3298 ciros,
163 3233 302 3310 sopitique
316 3253 411 3292 omnes
424 3236 596 3303 videbantur,
615 3235 710 3292 stricto
723 3235 814 3310 gladio
827 3235 862 3292 ad
875 3235 1012 3296 dormien-

72 3321 125 3367 tem
139 3310 301 3370 Lucretiam
315 3314 398 3382 venit,
420 3315 583 3390 sinistrique
597 3333 680 3370 manu
697 3311 820 3369 mulieris
837 3327 949 3390 pectore
963 3337 1012 3393 op-

73 3407 174 3462 presso,
197 3398 205 3426 ‘
220 3391 304 3460 Tace,
318 3391 466 3462 Lucretia,’
480 3395 578 3468 inquit,
597 3391 678 3450 ‘Sero
694 3391 858 3466 Tarquinius
869 3413 944 3460 rum;
959 3395 1012 3454 Ier-

241 3557 249 3586 ¹
267 3558 311 3606 See
323 3573 347 3620 p.
360 3558 400 3619 46,
414 3559 505 3608 note3.
576 3558 586 3588 ⁸
607 3558 650 3620 See
661 3573 685 3619 p.
701 3557 740 3615 ld,
752 3565 809 3604 note
823 3555 843 3602 l.

1031 3715 1108 3842 E
