2230 3846
458 193 582 254 LIBER
603 194 644 252 11.
968 195 1006 252 67

70 353 225 421 idnerihus,
241 352 290 411 alii
303 352 421 429 proiecti
434 355 540 419 domos,
554 352 648 410 nuncii
661 349 836 429 hospitalium
858 351 1005 410 beneflcio·

10 453 12 534 p
66 453 123 490 rum.
144 432 262 525 Multos
272 431 802 524 Romaehospitum.urbisquecaritas¹
820 433 918 524 tenuit.
950 431 1006 488 His

10 535 12 664 p
64 512 376 668 ieihdrddntimbmmm
390 512 481 580 datus,
496 531 578 588 quem
590 511 692 570 deinde
711 510 834 570 Tuscum
848 530 942 568 orcum
955 531 1004 588 ap·

197 669 267 728 XV.
282 670 316 728 P.
327 669 475 728 Lucretius
486 670 549 728 inde
563 683 592 728 et
603 670 636 727 P.
647 669 773 726 Valerius
785 668 928 727 Publicola
937 689 1003 726 con·

64 741 109 776 Μ·
152 751 234 808 sulse
248 749 344 807 faciit
378 749 423 808 Eo
437 769 509 807 anno
522 749 692 826 postremam
706 748 789 826 legati
803 767 820 808 a
835 747 955 806 Porseni
968 750 1004 806 de
1022 807 1025 812 ,

63 927 136 982 quum
152 927 322 984 responsum
337 921 419 975 osset,
442 908 612 966 ‘missurum
626 909 662 966 ad
675 927 768 982 regem
785 918 911 964 senatum
930 907 1004 982 lega-

63 987 142 1054 ‘tos;'
165 987 247 1044 missi
268 987 413 1044 confestim
433 986 659 1046 honoratissimus
678 987 796 1062 quisque
813 1005 849 1042 ex
867 985 1003 1044 Patribus.

62 1067 151 1132 ‘Non‚
174 1068 247 1141 quin
266 1067 386 1123 breviter
406 1067 484 1124 reddi
503 1086 665 1142 responsum
686 1065 816 1142 potnerit,
836 1083 895 1121 nou
915 1067 1005 1140 recipi

62 1154 163 1220 ‘repen
179 1147 248 1204 ideo
258 1146 351 1221 potids
364 1145 487 1204 delectos
499 1146 612 1204 Petrum
623 1147 659 1204 ad
673 1165 736 1202 eum
748 1144 854 1211 missos,
868 1141 951 1218 quiam
966 1145 1005 1200 le·

63 1225 147 1300 ‘gatis
162 1224 227 1301 ejus
240 1225 349 1282 Romae
359 1225 471 1282 daretur
481 1245 643 1301 responsum
652 1223 680 1281 ³:
696 1224 746 1282 sed
760 1237 792 1280 ut
801 1224 829 1279 in
840 1235 1004 1299 perpetuum

62 1305 186 1362 ⁸marmio
199 1304 262 1382 ejus
280 1305 320 1360 rei
339 1304 473 1372 finiretur,
491 1323 547 1364 neu
564 1306 592 1362 in
606 1303 690 1362 tantis
703 1303 807 1360 mutuis
820 1295 962 1360 moefioiis
976 1303 1004 1358 in

62 1384 171 1440 ‘vioem-
182 1383 271 1442 animi
289 1383 516 1442 sollicitarentur:
536 1404 622 1460 qaum
638 1383 684 1440 ille
704 1394 820 1458 peteret,
842 1381 917 1456 quod
938 1401 1004 1439 oon·

61 1470 120 1520 ‘tra
131 1463 292 1520 libertatern
307 1463 403 1539 populi
417 1463 537 1520 Romani
551 1475 639 1532 esset;
660 1463 789 1529 Romani,
804 1461 855 1518 nisi
870 1461 898 1516 in
912 1462 1003 1537 perni-

61 1543 149 1598 ‘ciem
163 1562 244 1600 suam
263 1543 357 1600 faciles
370 1561 431 1599 essa
445 1543 554 1610 vellent,
573 1555 713 1618 negarent,
730 1542 775 1598 cni
789 1539 855 1597 nihil
870 1553 1001 1616 negatum

61 1621 190 1678 ‘vellent
227 1621 291 1678 Non
302 1622 330 1678 in
345 1641 431 1696 regno
441 1623 573 1697 populum
589 1623 756 1687 Romanum,
771 1620 820 1678 aad
834 1619 863 1676 in
877 1619 1002 1676 libertate

61 1708 68 1738 ‘
80 1720 148 1758 esse.
182 1701 229 1758 Ita
241 1701 385 1758 induxisse
398 1701 427 1758 in
440 1702 571 1770 animum,
585 1701 710 1758 hostibus
720 1699 821 1776 potiris,
836 1697 919 1774 quiam
931 1700 1002 1773 regi·

61 1781 140 1854 ‘bun
155 1792 251 1856 portas
264 1781 427 1856 patefacere.
469 1780 539 1838 Eam
554 1801 614 1838 esse
628 1781 796 1838 voluntatem
812 1780 945 1843 omnium,
962 1791 1003 1846 ut,

61 1857 127 1933 ‘qni
139 1859 261 1916 libertati
275 1856 351 1916 erit⁴
365 1859 393 1916 in
407 1859 453 1920 illis
466 1860 617 1928 urbaliuis,
631 1860 704 1916 idem
720 1859 780 1916 urbi
794 1859 838 1914 sit.
874 1858 1003 1924 Proinde,

60 1944 68 1971 ‘
81 1939 103 1994 si
116 1939 291 2000 salvamesse
304 1939 387 1996 vellet
402 1940 530 2007 Romam,
538 1952 571 1996 ut
580 1940 700 2014 patiatur
708 1939 819 1994 liberam
829 1957 898 2004 esse,
907 1935 1002 1992 orare!

60 2016 128 2083 Rex,
137 2019 307 2080 verecundia
315 2018 414 2085 victus,
425 2019 562 2082 ‘Quando
575 2019 604 2076 id
618 2030 724 2076 certum
739 2031 822 2090 atque
835 2015 1003 2072 obstinatum

61 2095 138 2164 ‘cst'
159 2097 260 2172 inquit,
282 2106 395 2172 ‘neque
415 2117 468 2174 ogo
486 2098 637 2156 obtundam
658 2095 766 2172 saepius
780 2095 876 2152 carlom
892 2093 1003 2168 nequic-

60 2181 160 2250 ‘quam
179 2177 308 2252 agendo:
327 2196 380 2234 nec
394 2177 559 2252 Tarquinios
574 2195 624 2252 epe
640 2174 744 2242 auxilii,
765 2174 840 2249 quod
854 2173 959 2230 nullum
974 2171 1002 2228 in

60 2261 67 2288 ⁸
79 2274 121 2312 mo
130 2267 182 2322 eat,
193 2257 355 2314 frustrabor.
377 2257 473 2314 Alium
482 2256 555 2324 hinc,
567 2275 617 2314 seu
625 2255 696 2314 ballo
704 2272 775 2331 opus
783 2266 833 2318 est,
843 2252 1003 2328 conquisto,

58 2335 172 2392 ‘exsilio
185 2348 320 2410 quaerant
334 2335 435 2403 locum,
450 2336 562 2412 nequid
573 2355 663 2394 meam
674 2335 815 2390 vobiscum
827 2352 922 2410 pacem
938 2333 999 2389 des·

59 2413 180 2472 ‘tinent’
222 2414 317 2472 Dictis
333 2415 406 2473 faota
418 2415 548 2472 amiciora
560 2414 678 2492 adje'citr
699 2413 825 2472 obsidum
844 2413 919 2488 quod
937 2413 1000 2470 reli·

87 2525 93 2554 ¹
112 2529 214 2582 Cor-ilos,
227 2525 397 2590 affectionsor,
413 2541 453 2572 see
463 2543 487 2588 p.
503 2525 543 2582 ts,
562 2534 619 2572 note
630 2525 655 2573 2.
728 2520 738 2548 ²
757 2527 793 2571 Aa
807 2523 868 2584 Livy
880 2522 962 2570 differs
973 2522 998 2568 in

56 2593 118 2640 rheae
128 2607 214 2640 names
225 2593 289 2640 lrom
301 2594 333 2640 all
346 2595 414 2640 other
424 2593 571 2650 authorities,
583 2595 623 2642 the
632 2607 732 2656 passage
740 2592 761 2640 is
769 2589 876 2640 believed
885 2601 911 2640 to
920 2593 949 2638 be
958 2590 1000 2638 de-

56 2660 145 2717 lectius,
157 2661 209 2710 and
220 2663 262 2708 the
272 2661 394 2722 supposed
404 2677 474 2708 error
481 2662 502 2708 is
512 2663 570 2708 thus
578 2659 714 2708 corrected:
738 2663 774 2708 Μ.
787 2663 914 2716 Horatius.
922 2658 998 2716 (Pul-

58 2733 120 2778 uillur
131 2733 246 2793 iterum)
257 2741 278 2778 et
294 2733 392 2779 Publius
410 2733 514 2779 Valerius
528 2731 649 2779 Publicola
666 2727 799 2792 (tertium)
811 2731 868 2777 inde
878 2731 918 2788 Sp·
932 2730 998 2776 Lur-

56 2800 98 2845 tius
109 2809 130 2846 et
144 2800 173 2845 T.
190 2801 332 2846 Hernriniur
340 2801 521 2860 consulcrsncti.
590 2795 600 2825 ¹
617 2801 674 2846 Non
684 2799 750 2860 quin,
762 2797 806 2844 &c-
833 2793 947 2842 Deiectus
956 2811 998 2856 pa-

56 2875 115 2912 trum
127 2867 215 2912 missos
226 2865 257 2912 ad
269 2881 334 2920 eum,
348 2866 512 2928 potiusquam
526 2865 579 2927 (ut)
591 2879 732 2925 responsum
741 2862 838 2909 daretur
849 2861 934 2925 legatis
945 2863 998 2926 ejus

57 2932 154 2990 Romae,
167 2947 218 2979 non
235 2931 298 2988 ideo,
315 2934 374 2994 quin
390 2931 533 2995 (quianon)
546 2947 687 2992 responsum
699 2929 805 2992 potuerit
816 2930 919 2978 breviter
929 2930 998 2978 reddi

54 3001 478 3116 ttlttllnllttts‘lt‘
489 3000 633 3118 lllltll
641 3001 805 3116 huilli
814 2997 933 3114 {idalii
945 3007 999 3114 tlt

55 3150 83 3181 on
94 3102 145 3184 this,
151 3145 266 3192 account,
278 3139 380 3187 because
391 3153 423 3186 an
434 3084 527 3184 ausiler-
537 3135 610 3184 could
622 3144 666 3183 not
674 3136 733 3182 hare
741 3137 801 3182 been
810 3133 893 3196 briefly
901 3100 999 3182 reiurn.

55 3202 90 3259 ed,
101 3205 153 3251 that
164 3205 206 3250 the
216 3213 298 3250 return
309 3204 338 3251 ol
346 3205 385 3252 the
397 3204 463 3266 royal
472 3204 556 3266 family
566 3219 614 3250 was
626 3213 669 3251 not
677 3200 763 3266 agreed
777 3211 808 3248 to.
836 3202 888 3250 The
900 3217 999 3262 passage

56 3281 166 3318 nemeto
178 3273 209 3317 be
220 3270 307 3333 faulty.
344 3271 431 3322 Unless
442 3287 478 3318 we
489 3273 564 3336 reject
574 3272 614 3318 the
625 3270 704 3318 words
712 3288 784 3334 quom
795 3273 877 3333 legatia
888 3270 939 3332 cius
949 3273 997 3318 no.

57 3356 106 3388 mos
116 3345 218 3388 duretur
228 3356 373 3401 rerytonaum,
385 3356 411 3386 as
422 3341 462 3386 the
473 3339 629 3402 explanatory
638 3337 808 3399 interpolation
820 3337 848 3383 of
862 3352 876 3383 a
888 3336 998 3382 transcri-

59 3408 106 3464 ber,
116 3422 154 3454 we
166 3415 234 3452 must
243 3407 319 3454 admit
333 3407 458 3469 Ruperti's
469 3405 621 3454 emendation
634 3405 663 3451 ol
671 3409 756 3454 dutum
768 3405 805 3450 lor
816 3408 921 3462 duretur.
953 3406 999 3448 Po·

61 3478 128 3524 ruent
139 3476 216 3522 reddi.
244 3474 322 3535 Seep.
337 3475 377 3534 38,
389 3485 448 3524 note
463 3475 484 3522 l.
554 3472 642 3522 ‘Era
671 3471 775 3534 Agaiost
786 3470 818 3517 all
830 3481 911 3528 usage.
945 3467 999 3514 Ru.

62 3542 119 3601 pero
130 3549 322 3608 susurrem·
498 3622 520 3662 H
540 3607 558 3644 o
