2232 3862
437 183 562 244 LIBER
583 183 607 242 Ι.
979 188 1017 244 45

16 393 17 396 ,
75 347 106 404 do
124 365 213 412 mma,
234 365 322 404 omna
342 363 445 402 nomen
466 342 596 400 Latinum
611 342 727 402 domuit.
768 343 955 410 Corniculum,
972 343 1016 401 Fi·

16 431 17 488 l
71 426 148 482 orlaa
169 438 265 492 vetus,
289 425 427 490 Cameria,
450 423 679 490 Crustumerium,
701 423 851 490 Ameriola,
872 422 1018 491 Medullia,

16 517 17 534 ¹
72 505 258 569 Nomentum,
281 503 351 562 haec
371 505 407 562 dc
422 501 522 560 Priscis
539 501 655 568 Latinis,
676 514 724 558 aut
734 503 781 576 qui
794 504 829 560 ad
843 501 957 560 Latinoa
971 503 1019 560 de-

16 549 18 612 l
70 585 201 650 fecemnt,
217 595 304 658 capta
318 583 428 659 oppida.
469 581 528 638 Pax
541 581 641 638 deinde
654 581 788 640 calfacta.
828 581 937 660 Majore
955 581 1019 640 indo
1083 609 1085 614 ·

70 662 160 720 animo
180 662 265 739 pacis
286 682 372 738 opera
384 659 519 727 inchoata,
533 658 614 736 quiam
630 661 731 735 quanti
744 661 816 720 mole
829 673 950 734 gemeret
962 661 1019 719 bel·

69 742 100 806 la,
121 754 228 798 utnon
244 741 367 816 quietior
380 740 498 816 populus
511 740 587 796 domi
601 751 682 806 esset,
697 738 780 814 quim
792 741 902 798 militiae
912 740 1019 798 fuisset.

71 819 140 878 Nam
161 833 194 878 et
217 840 303 877 muro
324 819 441 896 lapideo,
462 816 541 894 cujus
560 819 704 876 exordium
725 820 815 895 operia
833 819 933 877 Sabino
947 820 1018 877 ballo

69 901 211 958 turbatum
227 912 300 965 erat,
315 901 421 964 urbem,
436 897 490 973 quii
503 898 625 954 nondum
641 898 785 966 munierat,
799 899 907 974 cingere
921 912 1017 976 parat:

72 991 96 1036 et
114 979 215 1036 infima
237 979 317 1036 urbis
337 979 397 1035 loca
415 978 588 1034 circulorum
603 977 722 1052 aliaeque
736 977 1018 1053 interjectascollibue

73 1058 218 1125 convalles,
241 1057 312 1132 quia
331 1077 365 1114 ex
385 1057 472 1132 planis
491 1056 559 1113 locia
579 1055 652 1113 haud
670 1056 749 1114 facile
761 1055 912 1114 evehebant
925 1077 1018 1131 aquas,

74 1137 170 1194 cloacis
179 1157 197 1195 e
205 1137 322 1212 fastigio
333 1135 489 1192 inTiberim
501 1134 606 1194 ductia¹
620 1135 722 1192 siccat:
737 1149 765 1192 et
774 1155 864 1194 aream
876 1137 911 1193 ad
921 1138 1018 1194 aedem

74 1216 259 1294 iuCapitolio
279 1215 369 1282 Jovis,
389 1233 471 1289 quam
486 1226 597 1272 voverat
617 1215 688 1272 bello
706 1214 817 1282 Sabino,
832 1213 890 1292 jam
912 1235 1019 1292 praera-

75 1296 161 1369 giente
175 1298 275 1354 animo
289 1296 410 1352 futuram
425 1293 489 1350 olim
500 1293 709 1370 amplitudinem
723 1293 784 1364 loci,
796 1307 912 1371 occupat
922 1295 1018 1353 funda·

76 1388 179 1432 mentre.

91 1453 234 1510 XXXIX.
258 1453 304 1510 Eo
314 1463 437 1530 tempore
446 1453 473 1510 in
485 1443 560 1526 regii
568 1452 722 1528 prodigium
733 1452 791 1509 viau
800 1465 956 1530 eventuque
968 1453 1019 1510 roi·

77 1533 153 1590 rabile
167 1533 233 1590 fuit.
277 1540 285 1567 ‘
302 1533 393 1590 Puero
402 1531 566 1597 dormienti,'
581 1532 626 1589 cui
639 1532 735 1588 Servio
745 1531 1016 1600 Tullianomanluit,

78 1618 177 1688 ‘caput
189 1611 303 1669 arsisee'
316 1612 408 1670 ferunt
423 1611 588 1668 ‘multorum
605 1611 632 1668 in
647 1624 805 1687 conspectu.
834 1612 956 1670 Plurimo
967 1612 1016 1688 igi-

79 1697 85 1724 ‘
96 1703 138 1748 tur
147 1692 273 1749 clamore
284 1690 348 1747 inde
356 1691 392 1748 ad
400 1703 492 1748 tantae
502 1689 542 1746 rei
552 1689 712 1746 miraculum
724 1703 785 1748 orto
795 1691 900 1750 excitos
908 1711 986 1767 regca
995 1691 1015 1746 ².

80 1769 133 1828 ‘Et
146 1791 237 1846 quum
251 1770 365 1844 quidam
378 1769 550 1826 familiarium
564 1788 663 1843 aquam
676 1769 711 1826 ad
725 1770 948 1845 restinguendum
963 1771 1015 1828 far·

80 1853 86 1882 ‘
98 1861 144 1916 ret,
158 1851 195 1907 ab
207 1849 306 1924 regina
315 1860 466 1906 retentum:
480 1849 630 1922 sedatoque
640 1867 699 1912 eam
711 1849 841 1916 tumultu,
855 1851 958 1906 moveri
970 1869 1015 1906 ve·

80 1929 179 1986 ‘tuisse
196 1947 334 2005 puerum:
355 1927 443 1986 donee
459 1927 509 1984 suri
521 1940 619 2004 sponte
633 1941 808 2002 experrectus
821 1941 902 1985 esset.
943 1927 1015 1984 Mox

79 2013 155 2066 ‘cum
170 2027 273 2064 somno
286 2019 315 2064 et
328 2006 464 2064 flammam
478 2003 583 2064 abisse!
617 2005 689 2062 Tum
705 2006 824 2064 abducto
837 2006 865 2062 iu
879 2019 1015 2064 aeoretum

80 2086 130 2142 viro
141 2085 290 2161 Tanaquil,
312 2083 430 2142 ‘Viden'
444 2097 475 2142 tu
489 2103 605 2160 puerum
619 2081 709 2150 hunc,'
724 2085 821 2158 inquit,
838 2092 846 2119 ¹
860 2104 942 2159 quom
958 2097 1014 2142 tam

80 2163 191 2224 ‘humili
208 2166 287 2224 cultu
303 2165 475 2222 educamur?
499 2164 575 2222 Scire
589 2163 661 2228 licet,
680 2162 753 2220 hunc
770 2163 861 2222 lumen
876 2164 1014 2238 quondam

80 2246 175 2301 ‘rebus
189 2245 291 2301 nostris
305 2244 396 2300 dubiis
409 2244 541 2309 futurum,
557 2242 775 2318 praesidiumque
786 2244 876 2319 regiae
890 2242 1014 2302 afflictae.

80 2328 86 2355 ‘
99 2323 217 2382 Proinde
226 2323 370 2382 materiem
381 2323 499 2397 ingentia
509 2321 617 2397 publice
627 2321 808 2398 privatimque
819 2323 925 2380 decoris
939 2324 1014 2380 omni

80 2401 268 2477 ‘indulgentia
280 2403 374 2458 nostrii
387 2399 555 2458 nutriamus.’
590 2408 597 2436 ‘
611 2401 681 2458 Inde
694 2421 810 2477 puerum
824 2401 938 2460 liberium
953 2403 1014 2461 loco

81 2487 87 2512 ‘
99 2479 245 2554 coeptum³
256 2479 359 2548 haberi,
369 2480 524 2554 erudirique
534 2479 655 2546 artibua,’
666 2482 764 2555 quibua
774 2481 884 2556 ingenia
893 2483 927 2540 ad
938 2502 1012 2557 mag·

80 2579 123 2616 nac
142 2562 269 2618 fortunae
291 2561 396 2618 cultum
420 2561 583 2616 excitantur.
626 2560 725 2618 Evenit
747 2561 835 2629 facile,
854 2561 929 2635 quod
949 2561 1013 2624 Diis

80 2641 146 2696 cordi
165 2653 250 2698 esset.
284 2639 401 2698 Juveuis
415 2639 501 2696 evasit
515 2641 577 2696 vera
598 2639 696 2696 indolis
710 2640 810 2714 regiae.
843 2639 911 2708 Nec,
927 2661 1012 2716 quum

79 2732 248 2790 quaereretur
261 2737 346 2794 gener·
360 2718 519 2792 Tarquinio,
536 2718 680 2793 quiequam
700 2719 843 2777 Romanae
858 2718 1013 2795 juventutis

81 2796 128 2852 ult
145 2811 202 2855 arte
221 2797 342 2864 conferri
361 2798 468 2872 potuitr
487 2797 624 2873 filiamque
641 2797 666 2852 ei
685 2817 761 2854 auam
778 2799 840 2855 Rex
858 2799 1013 2876 despondit.

83 2873 139 2942 Hic,
158 2877 323 2952 quincunque
341 2877 376 2932 de
395 2877 484 2941 caueri,
506 2888 597 2933 tantus
616 2875 654 2932 illi
672 2874 759 2933 honos
777 2875 885 2934 habitus
902 2879 1013 2936 credere

82 2953 285 3028 prohibetacrvri
295 2967 389 3012 natum
400 2967 473 3024 eunt,
485 2973 653 3032 parvumque
662 2955 750 3031 ipsum
763 2959 885 3014 servisse.
907 2958 1012 3016 Eorum
1081 2977 1086 2994 ¹

110 3119 116 3146 ¹
133 3123 232 3178 Cleocic,
254 3123 298 3184 ξφα.
335 3121 374 3182 By
390 3135 502 3168 common
521 3135 606 3168 sewers
628 3120 724 3183 sloping
741 3121 813 3170 down
832 3131 856 3170 to
873 3125 913 3171 the
931 3123 1010 3172 Tiber.
1099 3123 1100 3128 ’

83 3183 91 3210 ’
106 3190 178 3250 Reges·
218 3189 272 3236 The
284 3188 344 3251 king
356 3188 403 3236 and
415 3203 501 3250 queen.
540 3189 570 3236 In
587 3189 627 3236 the
639 3203 703 3238 same
716 3205 769 3251 way.
781 3190 859 3252 Virgil
869 3191 961 3253 applica
974 3192 1013 3238 the
1099 3199 1100 3252 j

83 3255 138 3302 nord
149 3274 238 3306 soceros
249 3267 275 3302 to
289 3256 369 3304 Priam
382 3256 429 3302 and
445 3257 562 3303 Hecuba:
1099 3281 1100 3298 ,

195 3367 196 3372 ,
241 3323 341 3384 Saepius
354 3323 524 3370 Andromache
535 3324 597 3371 serre
608 3323 746 3372 incomitata
757 3324 847 3373 solebat

241 3391 279 3438 nd
290 3409 385 3440 noema·
734 3395 801 3440 aaa.
818 3393 854 3439 11.
869 3390 926 3438 456.
1099 3355 1100 3384 ³

80 3452 88 3479 ³
103 3459 207 3519 Coeplum
220 3461 306 3507 haberi.
344 3461 419 3520 Coepi,
432 3457 500 3504 when
511 3456 569 3504 used
582 3457 663 3505 witha
677 3461 732 3506 verb
745 3459 770 3506 in
782 3460 821 3506 the
832 3457 929 3521 passive,
940 3471 1012 3518 gene-

81 3521 131 3584 rally
144 3539 250 3572 assumes
261 3524 328 3572 itscll
336 3541 349 3573 a
362 3525 452 3586 passive
464 3525 533 3571 form.
990 3569 993 3576 ⁴
1024 3395 1100 3796 j
