2230 3846
444 201 568 264 LIBER
589 202 629 262 11.
971 204 1009 266 91

14 423 15 428 ,
69 361 251 420 induxissent.
282 363 391 421 Bellum
407 362 558 431 indictum
578 363 678 424 tacitae
687 361 812 420 induciae
826 361 950 437 quietum
965 381 1014 420 an-

68 462 125 500 num
139 456 274 502 tenuere.

210 520 294 579 XIX.
309 520 447 580 Consules
459 519 517 579 Ser.
530 521 677 598 Sulpicius,
689 519 803 578 Munius
812 519 931 578 Tullius·
961 519 1013 580 Ni·

70 602 124 706 3³⁴⁰?
166 599 630 738 insternuntur
645 600 1012 736 ..treberensi

69 803 90 838 U·
104 803 126 839 c.
167 759 291 816 tumeriu
304 719 393 835 capla,
408 758 556 816 Praeneste
570 761 604 815 ab
618 757 726 815 Latinis
745 758 781 816 ad
802 718 943 815 Romanius
962 759 1012 816 de·

68 859 119 907 255
167 839 262 895 scivit.
304 837 366 896 Nec
385 836 458 894 ultrir
476 838 578 894 bellum
599 835 740 903 Latinum,
761 837 879 910 gliscens
888 837 947 912 jam
962 856 1012 912 per

168 917 277 991 aliquot
297 935 391 982 annos,
410 917 537 973 dilatum.
576 919 616 973 A.
642 917 802 974 Postumius
828 915 954 982 dictator,
976 913 1011 974 Τ.

69 994 211 1052 Aebutius
226 997 357 1071 magister
369 997 503 1071 equitum,
515 995 621 1070 magnis
635 995 722 1072 copiis
734 995 859 1070 peditum
873 994 1012 1069 equitum-

69 1092 118 1146 que
131 1075 263 1150 proiecti,
284 1076 319 1132 ad
338 1074 427 1132 lacum
442 1074 583 1149 Regillum
602 1075 630 1130 in
648 1095 714 1149 agro
735 1074 893 1131 'l'usculano
908 1073 1012 1148 agmini

70 1150 190 1210 hostium
213 1153 425 1211 occurrerunt&
468 1153 515 1219 Et,
536 1154 602 1227 quia
622 1153 786 1228 Tarquinios
806 1171 867 1210 asse
887 1153 915 1207 in
933 1171 1012 1209 exer·

70 1231 123 1287 citu
138 1231 308 1289 Latinorum
318 1232 445 1290 auditum
456 1247 506 1299 est,
518 1233 647 1289 sustineri
657 1233 698 1289 ira
707 1251 762 1288 non
773 1231 872 1308 potuit,
883 1231 950 1305 quin
963 1250 1013 1288 ex«

71 1311 174 1387 templo
193 1312 383 1388 confligerent.
425 1311 500 1386 Ergo
520 1312 603 1368 etiam
617 1312 751 1388 proelium
765 1311 913 1386 aliquanto,
931 1309 1013 1384 quim

70 1403 167 1455 cetere,
183 1391 295 1466 gravius
308 1406 391 1466 atque
404 1391 524 1447 atrocius
544 1391 606 1448 luit.
648 1391 711 1446 Non
726 1391 799 1447 enim
814 1391 899 1447 duces
915 1392 950 1447 ad
969 1408 1011 1448 re·

70 1469 186 1542 gundaro
202 1466 287 1526 modb
301 1471 416 1528 consilio
426 1489 483 1526 rem
494 1469 606 1534 siluere,
621 1471 679 1536 sed,
693 1469 809 1526 suismet
818 1468 903 1545 ipsis³
914 1487 1011 1544 corpo·

69 1547 142 1604 ribus
150 1549 325 1615 dimicantes,
335 1550 470 1605 miscuere
484 1549 640 1606 certamina.
683 1549 743 1606 Nec
757 1550 899 1624 quisquam
914 1567 1011 1625 proca·

70 1645 126 1682 rum
141 1628 231 1684 ferme
246 1627 298 1685 hinc
311 1641 360 1686 aut
373 1628 419 1684 illia
432 1647 468 1684 ex
482 1627 542 1685 acio
560 1629 619 1684 sine
634 1628 754 1695 vulnere,
774 1641 881 1702 praeter
894 1628 1011 1684 dictate·

70 1725 124 1761 rem
140 1706 311 1774 Romanum,
326 1707 452 1764 excessit.
486 1706 519 1763 lu
535 1708 717 1775 Postumium,
731 1707 820 1783 primia
833 1707 860 1763 in
874 1707 933 1764 acie
946 1725 1012 1764 suos

71 1783 261 1843 adhortantem
283 1786 528 1860 instruentemque,
544 1786 710 1861 Tarquinius
733 1788 874 1862 Superbus
885 1783 907 1853 ⁴,
924 1805 1011 1860 quau·

71 1883 151 1938 quam
161 1864 221 1941 jam
240 1878 331 1923 aetate
351 1879 380 1923 et
394 1866 495 1921 viribus
511 1878 570 1922 erat
590 1866 704 1940 gravior,
719 1885 820 1940 equum
836 1865 950 1922 infestus
963 1864 1011 1921 ad-

71 1943 159 2000 misit:
181 1945 309 2020 iutusque
323 1946 358 2002 ab
371 1946 464 2010 latere,
475 1963 611 2002 concursu
621 1964 734 2001 suorum
744 1955 871 2018 receptus
882 1945 909 1999 in
919 1957 1012 2000 tutum

72 2035 120 2078 ent.
161 2022 201 2080 Et
214 2025 249 2080 ad
263 2024 380 2081 alterum
390 2043 475 2080 cornu
487 2024 627 2080 Aebutius
639 2023 767 2097 magister
777 2022 901 2096 equitum
916 2022 943 2077 in
956 2021 1012 2078 Oc·

72 2101 173 2158 tarium
195 2101 356 2159 Mamilium
371 2104 506 2178 impetum
520 2103 642 2159 dederat.
685 2101 745 2158 Nec
762 2097 880 2157 fefellit⁵
901 2099 1013 2157 veniens

74 2179 261 2238 Tusculanum
282 2183 399 2248 ducem
419 2197 515 2239 contra
534 2201 617 2255 quem
637 2193 666 2237 et
686 2179 732 2236 ille
753 2179 874 2236 concitat
900 2197 1013 2254 equum.

75 2258 217 2335 Tantaque
238 2262 279 2317 vis
305 2262 412 2319 infestis
432 2260 600 2317 venientium
628 2258 713 2316 hastis
732 2258 793 2326 luit,
820 2272 852 2316 ut
873 2257 1012 2316 brachium

76 2339 197 2396 Aebutio
217 2339 362 2416 trajectum
384 2341 428 2404 sit,
451 2337 580 2396 Mamilio
599 2352 696 2414 pectus
716 2357 885 2414 percussum.
926 2337 1013 2394 Hunc

74 2417 181 2489 quidem
196 2419 224 2474 in
237 2421 386 2476 secundam
395 2420 481 2476 aciem
493 2417 585 2478 Latini
594 2420 731 2494 recepere.
768 2417 918 2486 Aebutius,
927 2437 1014 2492 quum

74 2497 163 2554 saucio
177 2497 290 2555 brachiu
304 2513 398 2558 tenere
412 2498 500 2555 telum
514 2518 567 2554 non
579 2511 680 2573 posset,
691 2498 918 2572 pugnitexcessit.
958 2494 1013 2552 La·

74 2575 142 2632 tinus
150 2577 219 2642 dux,
229 2576 298 2633 nibil
308 2578 457 2634 deterritus
466 2577 584 2644 vulnere,
596 2577 729 2652 proelium
741 2576 811 2642 ciet3
827 2589 864 2643 et,
875 2575 940 2650 quia
949 2594 1014 2632 suos

74 2655 212 2729 perculsos
232 2657 351 2720 videbat,
372 2658 485 2714 arcessit
505 2655 645 2714 cohortem
667 2656 792 2712 exsulum
815 2655 1013 2720 Romanorum,

74 2734 115 2789 cui
130 2734 164 2791 L.
180 2734 324 2810 Tarquinii
339 2736 411 2792 filius
425 2749 556 2810 praeerant.
597 2734 648 2801 Ea,
663 2731 737 2809 qudd
752 2734 855 2808 majore
874 2735 1014 2810 pugnabat

73 2813 110 2870 iria
121 2816 157 2870 ob
172 2829 269 2890 erepta
284 2817 354 2872 bona
368 2814 538 2892 patriamque
551 2815 718 2890 ademptam,
732 2831 853 2888 pugnam
867 2832 1014 2889 parumper

72 2893 200 2950 restituit.

108 2971 176 3029 XX.
198 2971 395 3032 Referentibus
410 2972 469 3048 jam
489 2972 588 3049 pedem
607 2973 643 3032 ab
663 2972 696 3029 eit
713 2981 791 3048 parte
806 2970 949 3037 Romanis,
968 2969 1013 3028 M.

73 3049 207 3120 Valerius,
220 3051 378 3116 Publicolae
389 3053 478 3120 frater,
489 3052 663 3128 conspicatus
673 3052 791 3110 ferocem
801 3049 932 3128 juvenem
944 3050 1012 3108 Tar·

103 3161 108 3190 ¹
129 3159 273 3224 According
284 3170 310 3208 to
323 3161 465 3224 Dionysius,
477 3159 554 3222 splot
566 3177 614 3208 was
624 3161 671 3208 this
682 3175 738 3222 year
748 3159 857 3209 detected
871 3169 897 3208 to
914 3159 969 3222 gire
979 3173 1013 3219 op

72 3230 108 3275 the
122 3229 173 3290 city
191 3238 218 3276 to
235 3229 275 3276 the
292 3229 420 3292 Tarquins.
523 3229 533 3258 ¹
551 3227 582 3275 In
599 3227 640 3276 'the
656 3228 704 3276 een
721 3229 827 3290 chapter,
846 3228 908 3290 Livy
925 3225 1014 3274 doubts

74 3298 177 3344 whether
188 3297 237 3343 this
247 3297 321 3344 battle
334 3313 382 3344 was
393 3305 436 3344 not
447 3297 535 3358 fought
546 3298 612 3342 three
623 3311 691 3358 years
703 3296 770 3343 later.
839 3296 849 3326 ⁸
867 3293 1011 3348 Gronovius,

72 3365 126 3411 with
139 3373 210 3426 great
221 3363 378 3426 plnusibility,
389 3374 500 3426 suggests
510 3367 563 3424 ipsi.
632 3363 642 3392 ⁴
662 3362 807 3424 Probability
818 3375 895 3409 seems
906 3370 931 3405 to
942 3361 971 3404 bc
979 3373 1014 3406 ou

73 3433 110 3478 the
121 3431 175 3478 side
187 3429 216 3477 of
232 3431 373 3493 Dionysius,
391 3434 446 3479 who
462 3431 564 3477 ascribes
582 3430 622 3476 the
637 3433 733 3478 combat
745 3430 801 3476 with
819 3429 859 3474 tho
876 3426 977 3472 dictator
987 3433 1014 3470 tu

75 3498 153 3556 Titus,
166 3498 207 3544 the
217 3513 261 3545 son
272 3499 302 3546 of
310 3499 426 3561 l'arquin.
496 3500 506 3528 ³
521 3501 614 3546 Fullere
625 3496 645 3544 is
656 3497 722 3544 often
734 3495 794 3542 used
805 3494 830 3538 in
842 3493 975 3547 misseriae,
988 3498 1015 3538 ta

75 3581 156 3628 escape
168 3565 255 3616 notice.
293 3567 362 3616 Thus
376 3567 479 3624 Horace,
494 3566 677 3630 Castrosescllt't.
714 3562 762 3612 Od.
780 3562 801 3608 l.
820 3558 855 3606 ll.
874 3557 912 3604 16.
1011 3591 1014 3598 .
