2262 3858
125 220 183 277 314
517 215 551 275 T.
571 215 673 275 LIVII
744 255 749 278 .

124 385 132 414 ⁸
146 377 203 435 suis
216 375 345 444 consiliis,
359 375 492 452 patientid
504 375 632 440 militum,
646 374 732 452 Vejos
741 375 800 452 jana
813 375 870 436 fore
883 375 912 432 in
927 386 1061 451 potestate

124 457 240 533 ‘populi
262 455 391 513 Romani.
435 455 511 519 Quid
531 457 567 513 de
586 456 688 532 praedis
707 456 861 513 laciendum
889 468 1033 513 censerent
1041 456 1063 513 ?'

124 536 207 594 Duae
235 547 361 592 senatum
388 534 555 592 distinebant
580 535 764 592 sententiae¹:
792 535 865 592 senis
892 533 926 592 P.
956 533 1063 602 Licinii,

125 622 133 649 ‘
147 633 228 691 quem
243 615 362 691 primum
377 613 479 670 dixisse
492 633 508 670 ι
521 614 577 670 lilio
587 613 792 690 interrogetum'
802 615 903 682 ierunt,
919 622 927 649 ‘
939 614 1013 672 edici
1021 633 1065 690 pa·

124 702 133 729 ‘
146 695 200 752 lam
214 695 322 771 placere
336 693 448 793 populo,
464 705 504 760 ut,
519 694 566 768 qui
579 694 716 770 particeps
729 713 789 750 esse
802 695 922 770 praedae
935 694 1026 761 vellet,
1039 695 1065 750 in

123 781 131 808 ⁴
145 786 234 831 eastre
248 773 351 850 Vejos'
344 785 411 830 iret.
413 771 524 829 'altere
538 773 594 850 Ap.
610 773 729 839 Claudii,
745 773 801 872 qui,
815 774 1009 849 ‘largitionem
1019 791 1065 830 no·

122 861 216 920 ιιιιιι,
234 852 386 930 prodigam,
406 852 585 926 inaequalem,
606 851 796 910 inconsultam’
816 860 976 928 arguens,‘
990 853 1013 909 si
1025 873 1063 910 se-

123 933 201 990 ‘mel
215 933 290 988 nefas
304 933 444 1024 ducerent,
463 944 571 1008 captam
586 951 621 988 ex
634 931 779 989 hostibus
772 951 800 988 ιιι
813 932 919 988 aerario
933 929 1064 988 exhausto

122 1012 222 1068 ‘bellis
241 1011 386 1086 pecuniam
407 1011 485 1078 esse‚'
505 1023 601 1068 auctor
621 1024 680 1068 erat
699 1011 828 1086 stipendii
849 1031 884 1067 ex
901 1011 937 1068 eia
951 1012 1064 1088 pecnnia

121 1091 380 1156 militinumerandi,
393 1103 425 1146 ut
435 1109 469 1146 eo
479 1090 570 1147 minus
580 1090 677 1146 tributi
687 1089 782 1167 plebea
793 1091 940 1148 conferret.
977 1097 985 1124 ‘
999 1089 1063 1168 Ejus

121 1172 216 1228 ‘enim
238 1171 303 1227 doni
323 1169 483 1226 societatem
503 1187 628 1226 sensuras
647 1169 797 1244 aequaliter
809 1170 936 1226 omnium
952 1171 1061 1226 domos:

122 1258 130 1284 ‘
144 1271 199 1306 non
213 1250 306 1306 avidas
317 1250 345 1305 in
358 1249 526 1324 direptiones
539 1268 636 1305 manus
650 1249 799 1306 otiosorum
809 1250 979 1306 urbanorum
991 1269 1061 1324 prae·

120 1338 267 1405 ‘repturas
284 1328 395 1385 fortium
417 1329 577 1394 bellatorum
592 1329 713 1404 praemia
727 1347 803 1385 esset
824 1347 911 1403 quum
928 1330 968 1386 ita
981 1329 1060 1385 ferme
1105 1387 1106 1392 χ

120 1416 129 1444 ‘
142 1409 259 1472 eveniat,
276 1422 308 1464 ut
328 1407 437 1482 segnior
450 1407 486 1464 sit
499 1409 651 1484 praedator,
665 1421 698 1464 ut
711 1409 827 1484 quisque
840 1408 945 1464 laboris
959 1409 1060 1483 pericn-
1105 1469 1106 1472 ,

120 1487 216 1562 ‘lique
236 1487 410 1563 praecipuam
428 1497 522 1562 petere
542 1499 647 1563 partem
669 1487 772 1544 soleat’
814 1487 941 1544 Licinius
971 1485 1060 1544 contri
1105 1497 1106 1564 J

119 1575 297 1642 ‘suspectam
318 1579 347 1622 et
368 1566 481 1621 invisam
503 1585 611 1641 semper
631 1587 691 1624 eam
706 1567 850 1642 pecuniam
864 1565 945 1632 fore,'
959 1566 1059 1632 aiebat,
1105 1567 1106 1602 l

117 1654 289 1720 ‘causasque
309 1645 454 1701 criminum
474 1645 509 1700 ad
526 1644 644 1720 plebem,
664 1645 829 1702 seditionum
843 1645 910 1702 inde
925 1665 960 1703 ac
972 1647 1058 1721 legum

119 1734 282 1791 ‘novarum
303 1723 495 1814 praebituram.
537 1724 654 1782 Satius
646 1726 731 1800 igitur
750 1745 818 1792 esse,
839 1725 1014 1782 reconciliari
1030 1743 1059 1782 eo
1105 1775 1106 1808 J

119 1805 214 1861 ‘dono
233 1804 321 1880 plebis
341 1802 463 1860 animos.
484 1801 624 1860 exhaustis
644 1817 727 1880 atque
741 1803 886 1860 exinanitis
900 1805 1009 1861 tributo
1021 1817 1058 1860 tot
1105 1815 1106 1862 ζ

117 1891 125 1919 ‘
139 1903 273 1941 annorum
292 1881 429 1940 succurri:
450 1893 478 1939 et
501 1884 601 1939 sentire
619 1885 737 1959 praedas
749 1885 868 1940 fructum
883 1903 919 1939 ex
933 1903 972 1940 eo
984 1884 1106 1954 bello,J

117 1972 125 1998 ‘
139 1964 167 2020 in
181 1984 236 2038 quo
246 1981 332 2040 prope
341 1962 542 2019 consenuerint.
583 1962 697 2020 Gratius
707 1963 801 2019 idfore
811 1943 979 2038 laetiusque,
989 1963 1106 2038 qnod

117 2044 255 2118 ‘quisque
273 2062 324 2100 sua
337 2061 420 2097 manu
434 2061 468 2098 ex
482 2040 561 2098 hoste
575 2053 696 2134 captum
700 2043 813 2098 domum
826 2042 965 2110 retulerit,
980 2041 1056 2118 quim
1105 2067 1106 2108 ι

116 2124 164 2178 ‘si
184 2122 327 2198 multiplex
347 2120 459 2178 alterius
479 2121 591 2178 arbitrio
611 2121 737 2198 accipiat.
777 2120 872 2196 Ipsum
894 2121 1054 2178 dictatorern
1105 2113 1106 2180 l

117 2203 234 2276 ‘lugere
251 2201 380 2256 invidiam
395 2217 431 2256 ex
447 2221 482 2257 eo
500 2200 676 2276 criminaque.
717 2199 760 2257 Eo
774 2200 917 2275 delegasse
931 2201 970 2258 ad
983 2219 1054 2258 sena·
1105 2191 1106 2210 ¹

114 2289 205 2337 ‘.turn
247 2281 379 2337 Senatum
392 2276 503 2371 quinque
517 2280 616 2337 debere
630 2280 759 2358 rejectam
772 2299 830 2336 rem
844 2279 880 2336 ad
893 2299 925 2338 se
943 2280 1053 2356 permit·
1105 2285 1106 2350 j

115 2368 195 2418 ‘tere
215 2359 297 2435 plebi,
318 2379 350 2416 ao
371 2359 428 2435 pati
448 2359 556 2427 babere,
571 2361 645 2434 quod
666 2359 765 2434 cuique
785 2359 840 2416 fors
853 2341 1052 2418 bellidederit'
1105 2377 1106 2380 ’

112 2439 193 2496 llaec
210 2439 295 2496 tutior·
308 2439 366 2496 visa
386 2438 521 2495 sententia
541 2452 591 2505 est,
612 2459 682 2515 quae
702 2439 862 2516 popularem
876 2451 1006 2496 senatum
1018 2439 1052 2494 la·

112 2531 195 2574 ceret.
237 2517 478 2591 Edictumrtaque
498 2529 549 2585 eet,
571 2519 771 2597 ‘adpraedam
786 2518 943 2616 VeJ'entem,
958 2519 1051 2594 quibus
1105 2559 1106 2566 ι

113 2605 121 2632 ‘
135 2595 308 2662 videretur,'
300 2617 329 2653 ιι
343 2608 431 2654 castra
444 2597 479 2652 ad
493 2596 655 2656 dictatorem
670 2595 925 2676 proficiscerentur’

151 2675 233 2732 XXI.
263 2675 365 2752 Ingens
378 2675 508 2770 profecta
530 2677 681 2736 multitudo
702 2678 816 2753 replevit
839 2687 938 2734 cestra.
980 2675 1048 2733 Τιιι
1105 2729 1106 2754 ,

112 2755 237 2820 dictator,
252 2752 392 2832 auspicati)
406 2775 539 2855 egressus
548 2775 645 2848 'quum
660 2757 797 2822 edixisset,
818 2767 851 2812 ut
863 2775 941 2812 arma
955 2755 1050 2811 milites
1105 2783 1106 2834 ι

110 2848 247 2919 caperent,
263 2844 271 2870 ⁴
286 2836 350 2892 Tuo
361 2834 466 2903 ductu,
479 2835 577 2910 inquit,
599 2835 737 2912 ‘Pythice
751 2836 862 2912 Apollo,
883 2847 990 2909 tuoque
1002 2853 1049 2890 nn
1105 2879 1106 2900 ,

110 2907 210 2972 ‘mine
226 2915 372 2972 instinctus
392 2933 476 2991 pergo
496 2915 531 2970 ad
552 2915 695 2971 delendam
711 2915 806 2972 urbem
821 2913 927 2992 Vejos:
948 2913 1048 2988 tibique
1105 2921 1106 2928 ’

111 3000 118 3028 ‘
132 2992 196 3052 binc
210 2995 355 3051 decumam
369 3005 474 3070 partem
488 2993 605 3069 praedae
619 3013 713 3050 voveo.
755 2993 895 3062 Tesimul,
905 2993 984 3052 Juno
994 2993 1047 3050 Re·

109 3075 203 3147 ‘gina‚
218 3094 288 3148 quae
301 3093 375 3131 nunc
389 3072 475 3148 Vejos
488 3071 563 3139 colis,
584 3092 690 3148 precor,
705 3084 737 3130 ut
749 3092 799 3130 nos
813 3073 932 3131 victores
947 3073 975 3129 in
988 3091 1046 3129 nos·
1105 3073 1106 3116 ἶ

108 3159 116 3186 ‘
130 3165 209 3220 tram,
219 3166 350 3226 tuamque
361 3172 425 3208 mox
434 3153 563 3218 luteram,
574 3153 669 3208 urbem
680 3171 810 3228 sequare:
831 3153 879 3209 ubi
892 3165 922 3210 te
936 3153 1045 3228 dignum

108 3232 309 3308 ‘amplitudine
330 3233 378 3288 tuis
397 3231 531 3306 templum
550 3230 681 3306 accipiat!
726 3231 804 3290 Haec
817 3245 954 3308 precatus,
969 3249 1045 3306 supe·

106 3325 184 3368 rante
198 3310 383 3375 multitudine,
404 3311 439 3367 ab
459 3309 672 3366 omnibuslocis
691 3310 788 3368 urbem
805 3311 973 3386 aggreditur,
992 3327 1043 3384 quo

105 3391 195 3448 minor
207 3392 242 3447 ab
255 3389 382 3447 cuniculo
397 3388 547 3464 ingruentis
561 3389 675 3464 periculi
688 3409 783 3446 sensus
791 3406 875 3448 esset.
905 3389 1043 3469 Vejentes,

272 3547 278 3576 ¹
298 3549 369 3596 Some
381 3556 565 3596 commentatore
576 3546 633 3595 read
644 3565 695 3599 uua
707 3547 789 3598 before
798 3553 867 3600 senio.
