2230 3846
428 185 557 244 nrann
573 183 629 246 111.
763 259 765 268 .
941 187 997 244 rus

77 343 148 400 orsul
160 355 246 402 custra
260 325 427 419 Aequorum
441 344 634 422 oppugnabat:
653 355 759 420 purtem
771 341 936 401 Tusculanis
946 343 997 406 de,

71 425 130 480 deret
141 423 174 479 ad
184 441 276 480 urcem
288 425 512 500 recuperandam.
553 423 589 480 Vi
600 442 738 498 nunquam
750 423 784 480 eb
794 421 880 480 subiri
894 423 994 498 potnit.

71 500 147 557 Fames
159 513 304 576 postremo
317 503 382 560 iude
395 503 514 560 detraxit
522 500 629 560 hostem
643 511 657 557 ¹·
697 497 761 564 Qud
772 513 918 577 postquem
929 521 993 558 veu-

71 592 114 635 tum
128 580 160 636 ad
177 592 337 638 extremum
356 595 406 650 est,
427 583 545 639 inermes
562 581 686 655 nudique
703 599 798 637 omnes
811 581 862 638 sub
871 579 993 657 jugum²

68 659 92 714 ab
103 657 259 716 Tusculanis
280 661 366 716 missi.
406 659 479 726 Hos,
500 659 682 735 ignominiosi
694 659 760 734 lugi
778 659 891 718 domum
906 679 936 716 se
949 679 992 716 re·

67 736 186 810 cipientes,
203 737 351 797 Romanus
369 741 475 806 consul,
494 740 521 796 in
539 739 644 814 Algido
662 750 835 805 consecutus,
852 739 886 796 ad
905 757 991 796 unum

66 834 141 872 omnes
154 815 267 874 oe'cidit.
310 817 407 876 Victor
420 819 457 876 ad
471 818 606 876 Columen
622 818 666 894 (id
680 817 742 874 loeo
755 836 856 874 nomeu
870 819 928 890 est)
942 836 991 874 ex·

66 893 134 950 eruite
146 895 244 952 relicto
259 909 350 954 cestra
362 898 442 954 locet.
484 897 523 955 Et
535 897 604 954 alter
617 897 720 963 consul,
731 909 876 972 postquem
887 897 992 954 moeni·

65 969 104 1028 hus
117 972 169 1048 jum
185 975 334 1044 Romanis,
351 976 432 1052 pulso
452 975 541 1041 hoste,
560 976 712 1052 periculum
733 990 793 1034 esse
815 975 942 1040 desierat,
963 987 992 1032 et

66 1049 110 1126 ipse
120 1053 153 1108 sb
168 1053 264 1112 Roma
276 1055 425 1130 profectus.
464 1055 509 1113 Ita
521 1055 643 1112 bilariam
657 1055 783 1114 consules
797 1054 911 1130 ingressi
929 1051 992 1110 bos·

65 1127 117 1184 tium
131 1131 206 1201 fines,
221 1133 330 1209 ingenti
344 1134 493 1192 certamine
506 1133 569 1192 hinc
584 1133 707 1202 Volscos,
725 1132 790 1192 hinc
803 1135 928 1208 Aequos,
942 1152 992 1208 po·

65 1207 182 1280 peluntur.
224 1212 336 1270 Eodem
350 1233 422 1270 auno
441 1221 449 1248 ‘
463 1214 582 1272 descisse
598 1213 745 1280 Antiates:
758 1213 832 1288 epud
845 1213 992 1288 plerosquo

65 1299 170 1346 motores
183 1290 308 1348 invenio.
348 1292 383 1349 L.
394 1293 552 1350 Cornelium
563 1292 704 1350 consulem
718 1292 746 1350 id
755 1293 856 1351 bellurn
866 1290 991 1367 gessisse,

66 1366 237 1444 oppidumque
252 1371 368 1448 cepisse,
382 1384 489 1429 certum
503 1371 646 1438 affirmare,
657 1371 803 1446 quiueulle
815 1371 890 1448 opud
899 1381 992 1428 vetus·

68 1455 800 1605 “ltft'ffptt‘tllz{lelllttiltlllh
818 1529 921 1588 nnn
938 1529 990 1588 n.

66 1608 108 1657 tres
119 1606 231 1664 territat.
274 1608 402 1668 Clement
420 1615 428 1644 ⁴
442 1609 537 1666 fraude
550 1610 618 1677 fieri,
634 1610 712 1684 quod
724 1610 789 1668 loris
803 1620 929 1668 tenentur
942 1628 990 1666 ex·

66 1682 181 1741 ιιιιὶιιιιι
201 1687 410 1745 frustrationem
429 1697 489 1746 euin
509 1689 577 1764 legis
597 1689 734 1746 tollendae
753 1708 835 1746 esse:
855 1708 886 1745 se
905 1687 991 1746 nihilo

66 1758 157 1819 ‘miuus
172 1784 233 1822 rem
250 1781 404 1843 susceptum
418 1767 593 1843 persomme!
634 1768 764 1826 Obtinuit
777 1782 868 1826 tamen
884 1767 917 1824 P.
931 1767 990 1826 Lu·

67 1838 154 1908 cretius,
168 1845 326 1920 preelectus
340 1847 423 1915 urbis,
439 1859 472 1903 ut
484 1847 607 1905 ectiones
621 1846 782 1904 tribuniciae
796 1847 825 1902 iu
838 1847 988 1904 adventum

66 1920 187 1980 tousnlum
212 1923 398 1982 differrentur.
438 1925 507 1982 Erat
529 1938 558 1983 et
581 1945 653 1983 nova
669 1937 764 1984 exorta
785 1943 867 1982 cause
887 1925 989 1982 motuis.

68 1993 96 2049 d·
109 1996 249 2060 Cornelius
269 2015 298 2060 et
318 2004 354 2068 Q.
376 2005 508 2062 Servilius
521 2015 679 2080 quaestores
694 2004 738 2061 Μ.
753 2003 874 2069 Volscio,
892 2010 899 2036 ‘
914 2004 989 2077 quod

68 2073 151 2136 'fultus
172 2079 249 2138 haud
270 2083 353 2140 dubie
366 2084 444 2141 testis
457 2084 485 2140 iu
500 2082 657 2140 Kaesonem
670 2080 824 2147 extitisset'
839 2081 912 2138 diem
926 2081 988 2138 dix·

68 2168 133 2212 utut.
171 2158 275 2218 Multis
288 2162 360 2222 euim
375 2163 521 2220 emanebet
532 2161 648 2230 indiciis,
670 2170 781 2236 ‘neque
794 2161 905 2218 fratrem
920 2159 988 2217 Vol·
1088 2155 1092 2165 '

68 2233 129 2301 ‘mlh
142 2256 175 2296 ox
189 2260 247 2315 quo
259 2242 345 2298 semel
357 2241 440 2298 inerit
452 2261 542 2316 aeger,
556 2261 677 2317 unquam
690 2261 745 2298 non
760 2241 843 2298 modo
857 2239 945 2296 visum
960 2240 989 2298 iu

68 2313 187 2385 ‘publico
208 2320 259 2376 sed
279 2339 314 2376 ne
331 2321 510 2378 assurrexisse
531 2315 642 2396 quidem
657 2341 692 2378 ex
705 2319 810 2386 morbo,
824 2319 989 2376 multorum·

69 2393 128 2462 ‘que
146 2397 210 2455 tabe
232 2399 368 2456 mensium
382 2413 537 2457 mortuum:
558 2419 610 2457 neo
623 2399 665 2458 his
681 2400 859 2478 temporibus,
874 2399 902 2456 in
916 2418 987 2474 quae

68 2471 150 2530 ‘testis
162 2478 269 2534 crimen
287 2478 460 2555 conjecisset,
475 2479 632 2537 Kaesonem
650 2480 757 2538 Romae
776 2477 890 2536 visum?
915 2478 988 2536 affir-

68 2550 194 2624 undum,
207 2557 258 2631 qui
277 2556 334 2614 unci
347 2571 511 2624 meruerant,
532 2566 647 2616 ‘secum
662 2579 726 2616 eum
740 2571 800 2616 tum
814 2557 987 2632 frequentem

68 2627 191 2718 ‘tdtlgna
199 2635 258 2693 sine
269 2637 325 2694 ullo
333 2649 488 2694 commeatu
499 2637 600 2695 fnisse!
641 2637 680 2694 Ni
692 2638 732 2694 ite
745 2648 827 2704 esset,
836 2636 916 2694 multi
929 2636 985 2712 pri·

67 2715 133 2766 utrm
151 2713 275 2772 ferebant
286 2715 399 2773 Volscio
406 2714 517 2792 judices
525 2715 545 2774 ³.
585 2717 681 2782 Quum
692 2715 867 2795 adjudicium
879 2715 919 2774 ire
927 2735 986 2776 nou

92 2850 97 2880 ¹
116 2859 146 2914 Vi,
158 2861 202 2908 dec.
241 2863 282 2909 Au
295 2871 407 2910 entrance
418 2872 443 2910 ιο
454 2864 494 2910 the
505 2863 591 2912 citedel
603 2863 676 2912 could
688 2864 826 2912 nererhave
835 2864 894 2910 been
904 2863 999 2930 effecte,

66 2915 121 2982 *llby
130 2926 210 2976 force:
229 2929 325 2993 hunger
331 2941 355 2978 et
365 2932 410 2978 last
417 2930 543 2994 dislodged
551 2932 590 2979 the
599 2947 684 2994 enemy
693 2932 755 2978 from
764 2930 792 2978 it.
865 2926 875 2956 ¹
884 2934 986 2995 rugum,

67 2984 170 3066 heyoke,
188 2996 210 3044 is
224 2998 280 3044 thus
299 2997 421 3048 described
441 3000 473 3061 by
491 2999 553 3062 Livy
570 3000 596 3048 in
614 3001 653 3046 the
674 3000 731 3048 teth
753 2999 871 3060 Chspter:
897 3000 987 3048 Tribus

66 3050 123 3128 lusus
129 3062 217 3127 jugum
235 3064 270 3120 fir,
284 3066 352 3114 humi
369 3066 423 3113 fixis
434 3065 535 3121 duabus,
556 3083 675 3130 superque
691 3083 731 3114 eas
741 3063 873 3114 transversi
884 3065 934 3116 und
945 3066 987 3116 de-

66 3116 131 3199 lssfffi·
199 3131 209 3160 ⁸
226 3135 414 3196 Affirmasuibus,
425 3137 469 3183 dio.
507 3135 595 3182 Whilst
609 3136 676 3184 those
686 3137 741 3184 who
757 3134 803 3182 hed
819 3133 901 3182 served
913 3134 988 3198 along

68 3191 111 3236 nid
125 3195 171 3244 him
189 3200 296 3258 everred,
314 3204 365 3249 thet
381 3202 471 3266 during
489 3203 528 3249 the
545 3203 603 3250 time
614 3202 639 3250 in
651 3203 761 3266 question
774 3203 856 3251 Kaeso
865 3201 914 3248 hed
926 3204 987 3250 besu

67 3260 168 3327 rtgultrly
179 3274 203 3314 ιι
216 3268 254 3316 bis
271 3279 326 3330 post
342 3269 415 3332 along
426 3270 483 3316 nith
501 3271 573 3328 them,
586 3269 687 3320 without
697 3287 744 3332 any
756 3272 822 3318 leuve
833 3269 862 3317 os
875 3271 986 3318 absence.-

68 3319 128 3403 ΜΨ]
138 3332 284 3383 individuels
297 3337 323 3383 in
341 3337 432 3398 private
442 3337 541 3386 statium
552 3339 669 3400 proposed
687 3348 712 3386 ιο
725 3338 841 3386 Volscius
851 3336 948 3399 judges,
962 3347 987 3384 to

68 3385 132 3444 leude
142 3399 164 3448 it
177 3401 196 3447 it
207 3418 269 3449 were
284 3413 329 3451 not
344 3420 379 3461 so,
397 3407 446 3466 (ni,
463 3404 483 3450 si
498 3403 568 3462 non).
605 3409 721 3456 Privatim
739 3406 759 3451 is
778 3407 832 3450 luere
843 3400 948 3460 opposed
961 3411 986 3448 to

69 3459 186 3518 Quaestum
196 3468 221 3515 in
234 3471 273 3516 the
284 3471 374 3520 former
384 3481 438 3531 port
448 3471 477 3519 ol
490 3471 529 3518 the
540 3473 643 3532 chapter.
682 3472 712 3520 ln
724 3488 739 3518 a
750 3472 840 3530 private
850 3465 898 3511 suit
909 3465 928 3512 it
938 3481 988 3514 was

62 3536 182 3598 customary
189 3536 227 3584 l'or
234 3537 273 3585 the
281 3538 418 3600 plaintill'to
425 3553 525 3601 propose
533 3539 622 3586 certain
629 3554 735 3600 persons,
745 3530 942 3601 (firrejudt'ccto
948 3533 987 3582 tec
