2224 3862
437 173 561 234 arnna
581 173 649 252 ιιι.Ι
947 173 1003 234 eor

84 332 191 410 ‘injussu
203 351 326 410 pugnam
337 333 467 410 incipiatt
481 354 519 400 se,
534 353 619 410 qnam
630 353 700 412 opus
713 333 757 401 sit,
771 331 891 409 equestri
904 332 1006 390 auxilio

81 414 194 488 ‘siguum
209 415 351 470 daturum.
391 413 464 471 Tum
477 426 510 471 ut
523 433 629 470 memor
648 413 740 487 regiae
760 431 877 488 pugnae,
899 430 1005 469 memor

81 492 171 566 ‘opimi
185 493 262 560 doni,
277 492 445 569 Romulique
459 493 577 551 aoJovis
586 492 709 557 Feretrii,
722 507 780 549 rem
791 490 914 568 gereret!
948 490 1004 548 Le·
1082 499 1084 506 ⁴

27 599 28 666 q
78 570 158 646 giones
176 571 287 646 impetu
306 572 410 647 ingenti
430 573 588 648 confligunt.
630 573 773 629 Romanus
786 571 851 628 odio
863 590 1002 636 accensus,

79 649 201 726 ‘impium
215 651 388 720 Fidenatem,
403 653 569 728 praedonem
580 650 734 728 Vejentem,
747 650 1003 726 ruptoresiuducia·

76 736 156 795 ιιιιιιι,
173 743 306 788 cruentos
319 731 470 806 legatorum
487 731 599 788 infandis
611 732 704 797 caede,
719 749 857 806 respersos
871 729 1002 804 sanguina

76 807 244 870 ‘colonorum
260 830 381 874 suorum,
393 811 512 886 perfidos
522 811 620 877 socios,
635 810 759 868 imbelles
769 807 1002 885 hostes”compel·

73 886 129 951 bna,
142 888 221 945 factis
236 889 318 946 simul
333 890 468 965 dictisque
482 891 575 946 odium
589 890 691 966 explet.

104 965 243 1024 XXXIII.
269 957 453 1026 Concusserat
475 971 564 1044 primo
586 970 679 1026 statim
702 986 851 1044 congressu
875 966 1000 1024 hostem:

74 1062 144 1117 quum
166 1050 292 1124 repente,
314 1049 456 1124 patefactis
481 1048 645 1106 Fidenarum
671 1047 767 1125 portis,
791 1066 862 1104 nova
883 1045 1002 1123 erumpit

72 1122 140 1192 acies,
153 1125 280 1184 inaudita
292 1141 361 1185 aute.
369 1128 398 1184 id
411 1139 521 1204 tempus
531 1128 731 1203 invisitataque.
771 1126 885 1202 Ignibus
898 1137 1002 1184 armata

72 1201 154 1277 ingens
167 1206 330 1274 multitudo,
351 1207 509 1283 facibusque
523 1207 681 1264 ardentibus
694 1219 752 1264 tota
765 1206 911 1271 collucens,
926 1204 1001 1262 velut

70 1281 174 1340 lanatico
194 1285 327 1343 instlncta
346 1305 436 1354 cursu,
457 1287 486 1343 in
505 1285 613 1344 bostem
626 1287 702 1344 ruit:
721 1287 861 1360 formaque
876 1283 1000 1342 insolitae

70 1377 163 1436 pugnae
177 1363 323 1422 Romanos
336 1384 484 1442 parumper
493 1367 635 1423 exterruit.
676 1365 750 1423 Tum
758 1365 884 1432 dictator,
899 1363 999 1438 magis·

70 1450 104 1496 tro
115 1441 240 1516 equitnm
259 1445 460 1520 equitibusque,
481 1457 541 1502 tum
555 1465 590 1502 ex
602 1445 741 1502 montibus
755 1445 887 1508 Quinctio
900 1443 998 1510 accito,

70 1521 188 1592 proelium
203 1523 290 1589 ciens,
304 1525 363 1600 ipse
376 1525 406 1581 in
418 1524 558 1582 sinistrum
576 1544 670 1591 cornu,
685 1525 767 1600 quod,
782 1523 908 1581 incendio
922 1522 997 1580 slmi-

70 1596 112 1654 lius
124 1599 205 1676 qndm
222 1604 348 1680 proelio¹,
362 1605 487 1662 territum
499 1604 750 1670 cessaratflarnmis,
764 1604 899 1662 accurrit:
913 1602 997 1660 olari·

70 1695 112 1750 que
123 1699 199 1750 voce,
216 1691 226 1717 ‘
241 1682 364 1740 Fumone
378 1683 461 1750 victi,
478 1684 577 1758 inquit,
599 1684 697 1742 ‘velut
710 1703 825 1740 examen
838 1701 920 1758 apum
935 1682 996 1740 loco

71 1762 168 1817 ‘vestro
189 1763 291 1828 exacti,
304 1763 403 1820 inermi
417 1763 520 1820 cedetis
533 1763 629 1821 boati?
653 1763 717 1820 Non
730 1764 801 1820 ferro
815 1761 995 1837 exstinguetis

72 1835 177 1910 ‘ignat
191 1861 251 1898 non
264 1842 337 1900 laces
351 1841 399 1898 bas
413 1842 485 1918 ipsas
498 1861 548 1918 pro
561 1863 591 1900 se
604 1842 729 1917 quisque,
743 1842 764 1897 si
776 1842 842 1916 igni,
857 1861 911 1898 nou
922 1840 994 1908 telis,

71 1917 258 1992 ‘pugnandum
269 1933 319 1988 est,
334 1933 440 1996 ereptas
451 1921 523 1978 ultro
533 1921 677 1978 inferetis?
700 1921 795 1995 Agite,
806 1920 924 1978 nominis
936 1919 994 1976 Ro·

71 1997 150 2054 ‘mani
166 2019 199 2058 ao
214 1999 323 2059 virtutis
336 2013 445 2075 patrum
459 2012 619 2075 vestraeque
633 2019 775 2064 memores,
790 1999 888 2055 vertite
901 1998 994 2056 incen-

70 2073 153 2134 ‘dium
167 2077 224 2136 boo
244 2079 272 2134 in
292 2078 411 2136 boatium
430 2079 545 2146 urbem;
565 2091 594 2136 et
607 2079 663 2135 suia
676 2077 793 2135 flammis
807 2077 898 2134 delete
913 2076 993 2134 Fida·

69 2155 134 2222 ‘naa
154 2176 224 2232 quas
238 2159 334 2216 vestris
348 2159 486 2216 beneficiis
503 2158 608 2234 placare
622 2177 677 2214 non
696 2157 833 2234 potuistis.
873 2155 993 2230 Legato-

69 2235 137 2290 ‘rum
156 2237 212 2295 hoc
231 2257 279 2294 vos
300 2250 450 2294 vestrorum
472 2238 685 2312 colonorumque
699 2237 819 2311 sanguis,
839 2234 993 2311 vastatique

68 2310 143 2371 ‘fines
156 2315 288 2374 monent'
329 2317 377 2374 Ad
390 2317 534 2393 imperium
549 2318 689 2375 dictatoria
703 2328 777 2373 mota
790 2329 889 2374 cuncta
901 2314 992 2374 acies:

69 2387 128 2448 luces
140 2397 240 2471 partim
254 2395 369 2454 emissae
383 2397 566 2472 excipiuntur,
581 2397 679 2472 partim
694 2397 720 2452 vi
734 2396 903 2472 eripiuntur:
918 2407 992 2452 utras

68 2475 193 2540 queamus
211 2490 332 2533 armatur
350 2477 416 2552 igni.
457 2475 593 2552 Magister
613 2476 736 2551 equitum
758 2489 786 2536 et
806 2475 865 2550 ipse
885 2473 991 2532 novat²

67 2563 171 2634 pugnam
188 2568 353 2631 equestrem.
394 2555 496 2612 Frenos
509 2569 541 2612 nt
554 2555 697 2613 detrahant
711 2555 796 2630 cquis,
816 2555 949 2629 imperet:
963 2564 993 2610 et

67 2643 114 2699 lpse
125 2634 260 2710 princeps,
274 2634 425 2692 calcaribus
438 2635 554 2692 subditis
565 2648 685 2702 evectus,
699 2634 802 2691 effreno
813 2652 884 2707 equo
894 2633 922 2688 in
933 2651 991 2690 me·

66 2705 115 2764 dios
127 2713 204 2788 ignes
218 2715 351 2770 infertur:
365 2725 394 2770 et
408 2713 452 2770 alii
466 2715 595 2772 concitati
616 2715 679 2788 equi
699 2713 785 2770 libero
805 2732 887 2770 cursu
900 2713 992 2776 ferunt

67 2789 172 2860 equitem
188 2794 216 2849 in
231 2791 347 2850 hostem.
388 2793 482 2850 Pulvis
495 2793 842 2869 elatusmixtusqoelumo‚
857 2793 992 2850 lucemex

66 2867 140 2926 oculis
153 2873 272 2928 virorum
287 2891 475 2948 equorumque
484 2874 580 2930 aufert.
621 2873 671 2938 Ea,
686 2892 756 2947 quae
765 2871 878 2928 militem
888 2884 991 2930 terrue-

66 2956 107 3011 ut,
119 2951 221 3026 species
235 2951 302 3008 nibil
317 2951 413 3008 terruit
427 2972 521 3026 equos·
562 2952 670 3010 Ruinae
684 2952 768 3027 igitur
787 2951 903 3007 similem
924 2964 992 3008 stra·

66 3039 117 3093 gem
130 3049 221 3105 eques,
236 3032 399 3106 quiscunque
408 3044 571 3107 pervaserat,
587 3032 671 3088 dedit.
712 3031 823 3088 Clamor
837 3031 936 3088 deinde
947 3049 991 3088 ac·

66 3101 122 3162 cidit
133 3127 238 3167 novus:
259 3110 308 3185 qui
327 3129 413 3185 quum
434 3124 578 3185 utramque
599 3109 788 3168 mirabundam
805 3110 833 3166 in
854 3129 883 3166 se
903 3109 992 3168 aciem

65 3186 186 3255 renutet,
201 3189 319 3247 dictator
332 3190 483 3255 exclamem
505 3190 689 3254 ‘Quinctium
705 3191 823 3264 legatum
839 3201 867 3244 et
880 3193 945 3244 suos
957 3189 993 3244 ab

66 3263 152 3342 ‘tergo
173 3267 281 3327 bostem
303 3269 414 3326 adortos
423 3268 439 3325 :¹
466 3270 533 3348 ipse,
558 3271 743 3344 redintegrato
761 3267 993 3333 clamorc,.infert

93 3373 99 3402 ¹
114 3381 224 3432 lucendio
241 3382 279 3429 for
297 3389 400 3438 lacento,
413 3385 506 3445 proelio
522 3381 560 3429 for
574 3385 712 3445 proelianti,
724 3395 798 3442 „more
815 3376 960 3437 resembling
977 3391 991 3424 a
1083 3373 1084 3434 ξ

66 3439 155 3506 bodyot
168 3465 223 3496 men
240 3465 271 3496 on
290 3449 333 3496 fire
350 3451 407 3496 tlran
425 3449 536 3510 engaged
552 3448 578 3496 in
595 3448 663 3512 light.
757 3441 766 3470 ¹
783 3448 871 3500 Notat,
889 3443 991 3505 (novam

65 3506 132 3576 lucit)
143 3515 306 3566 inuoduces‘a
318 3532 369 3564 new
382 3513 441 3562 kind
453 3516 488 3564 of.
