2224 3862
455 193 579 256 mann
600 171 660 256 1v.‘
845 276 848 288 γ
957 201 1011 260 arr

84 349 205 410 ermionae
226 351 385 410 tribunicias
404 355 691 414 senatusconsultum
714 355 791 423 fictir
811 357 965 434 respublica
991 373 1014 416 a'

79 431 224 488 consulibus
244 432 280 489 ad
300 425 494 508 interregnum,
515 455 604 510 neque
624 435 653 492 id
670 435 760 511 ipsum
774 435 854 512 (narn
868 437 943 495 coire
960 457 1008 514 pa·

78 509 166 567 tricies
176 511 282 568 tribuni
305 511 501 590 prohibebant)
527 515 586 572 sine
613 515 760 572 certamine
786 516 899 591 ingenti,
926 519 1005 574 redit.

15 617 19 639 ι
79 588 160 652 Quum
181 609 247 666 pars
266 591 354 668 major
373 592 540 667 insequentis
559 593 623 650 anui
637 613 686 670 per
698 613 783 650 novos
797 597 921 662 tribunos
934 596 1011 672 plebi·

13 687 17 730 ι
76 681 100 725 et
115 669 219 743 aliquot
240 669 390 745 interreges
410 672 602 730 certaminibus
617 685 738 730 extracta
751 686 832 742 esset,
847 671 929 732 mbdb
943 693 1006 751 pro·

12 775 14 826 j
75 745 224 804 libentibus
237 748 353 806 tribunis
371 750 499 825 patricios
513 752 585 809 coire
598 753 634 810 ad
647 753 819 828 prodendum
832 753 1006 832 interregem,

11 839 14 908 ᾗ
74 821 148 883 modo
169 826 337 902 interregem
357 828 598 906 interpellantibus,
619 851 654 888 ne
673 830 784 888 senatu·
800 834 954 890 consultum
969 834 1005 890 da
1053 841 1059 852 '

74 905 183 962 comitiis
198 907 388 964 consularibus
401 909 521 976 laceret;
540 905 678 986 postremi)
691 909 726 966 L.
738 911 863 987 Papirius
874 911 1004 986 Mugilla-

10 989 12 1046 }
73 1003 125 1050 aus,
138 986 269 1061 proditus
282 986 411 1055 interrex,
425 988 583 1064 castigando
596 1009 669 1047 nunc
683 991 787 1057 Patres,
797 1009 870 1047 nunc
880 991 1004 1048 tribunos

10 1062 11 1072 ³
72 1063 145 1138 plebi,
174 1072 182 1098 ‘
205 1066 344 1124 desertam
367 1067 549 1142 omissamque
572 1069 606 1125 ab
627 1067 784 1126 hominibus
806 1069 1003 1144 rempublicam

73 1141 217 1200 ‘Deorum
239 1145 411 1220 providentii
423 1147 542 1221 curisque
556 1147 717 1223 exceptam*
731 1149 907 1214 memorabat,
926 1155 933 1181 ‘
948 1147 1004 1204 Ve-

74 1227 79 1256 ‘
86 1219 208 1296 jeutibua
222 1223 341 1282 induciis
354 1236 383 1281 et
396 1226 569 1284 cunctatione
586 1229 746 1302 Aequorum
760 1238 840 1284 sture.
882 1227 965 1286 Unde
981 1226 1005 1282 si

7 1349 9 1368 2
73 1301 153 1375 ‘quid
167 1302 294 1379 increpet
308 1304 426 1372 terroris,
440 1305 499 1362 sine
516 1305 631 1382 patricio
645 1307 804 1380 magistratu
818 1307 924 1384 placere
935 1323 1007 1362 rem·
1051 1321 1057 1338 ¹

72 1379 228 1455 'publicam
250 1382 391 1458 opprimi?
409 1401 465 1440 non
485 1385 644 1452 exercitum,
665 1405 720 1442 non
741 1386 839 1443 ducem
862 1385 1006 1444 scribendo

72 1461 222 1518 ‘exercitui
237 1461 321 1519 esse?
342 1481 376 1518 an
390 1463 460 1520 bello
474 1463 603 1521 intestino
615 1463 715 1520 bellum
730 1477 873 1536 externum
894 1464 1007 1541 propul-

72 1541 220 1597 ‘saturosi
242 1541 321 1604 Quae
335 1540 399 1597 siin
413 1561 498 1598 unum
513 1543 683 1610 conveniant,
697 1543 744 1600 vix
758 1543 883 1602 Deorum
898 1545 1004 1621 opibus,

72 1619 152 1692 ‘quin
170 1621 306 1678 obruatur
325 1619 451 1678 Romana
463 1641 515 1688 res,
530 1623 618 1679 resimi
632 1642 721 1698 posse.
761 1623 836 1688 Quin
850 1623 897 1690 illi,
912 1623 1005 1680 remit·

71 1699 171 1756 ‘tendo
193 1699 231 1756 de
250 1700 359 1756 summit
376 1701 491 1776 quisque
499 1699 579 1777 juris,
594 1702 706 1759 mediis¹
720 1703 879 1778 copularent
893 1720 1005 1760 concor·

7 1817 8 1822 ι
72 1777 182 1836 ‘diamz
212 1776 318 1846 Patres,
337 1779 468 1855 patiendo
489 1781 612 1838 tribunos
639 1781 757 1838 militum
775 1800 824 1857 pro
848 1781 1005 1840 consulibus

72 1855 165 1915 ‘lieris
195 1857 299 1914 tribuni
313 1857 414 1934 plebis,
441 1878 497 1915 nou
522 1859 726 1926 intercedendo,
749 1860 915 1934 quominus
938 1878 1005 1935 qua·

72 1940 150 1994 ‘tuor
168 1949 333 2012 ,quaestores
349 1937 504 2012 promiscue
524 1939 559 1996 de
572 1937 651 2014 plebe
665 1955 697 1996 ac
712 1939 838 1996 Patribus
850 1939 936 1996 libero
949 1937 1005 1995 suf·

72 2015 176 2092 ‘fragia
189 2016 285 2093 populi
297 2015 411 2074 fierent!

208 2094 315 2152 XLIV.
337 2095 496 2154 Tribunicio
518 2095 636 2170 primitur
663 2095 774 2154 comitia
796 2106 861 2152 suut
883 2093 1005 2153 habita².

71 2162 127 2268 3¹35&
167 2174 262 2232 Creati
282 2172 385 2231 tribuni
405 2175 540 2232 consulari
559 2185 696 2251 potestate
716 2195 812 2232 omnes
832 2174 946 2249 patricii,
971 2173 1005 2232 L.

7 2285 8 2290 κ
116 2253 122 2266 “
167 2253 316 2317 Quinctius
337 2253 516 2312 Cincinnatus
536 2254 657 2322 tertium,
671 2253 706 2310 L.
721 2254 819 2312 Furius
833 2253 1006 2311 Medullinus

70 2329 176 2398 iterum,
197 2331 243 2388 M.
263 2331 397 2400 Manlius,
418 2334 456 2390 A.
479 2332 656 2410 Sempronius
677 2334 831 2392 Atratinus.
872 2333 937 2390 Hoc
958 2333 1006 2390 tri·

70 2407 139 2468 buno
154 2411 268 2470 comitia
281 2424 456 2486 quaestorum
465 2409 590 2479 habente,
602 2414 813 2489 petentibusque
821 2414 892 2470 inter
901 2413 1007 2487 aliquot

70 2489 188 2564 plebeios
209 2491 265 2548 lilio
279 2491 512 2562 Antistiitribuni
525 2492 620 2568 plebis,
642 2504 670 2549 et
683 2494 764 2550 fratre
778 2492 889 2550 alterius
903 2491 1007 2549 tribuni

69 2568 153 2642 plebis
169 2571 235 2628 Sex.
252 2570 389 2646 Pompilii,
402 2590 455 2627 nec
468 2583 597 2646 potestas,
612 2591 663 2629 nec
676 2571 834 2646 suffragatio
848 2571 945 2628 horum
959 2588 1006 2628 va·

69 2646 124 2716 luit,
140 2649 218 2724 quin,
232 2668 348 2725 quorum
365 2650 458 2707 Patres
472 2669 591 2725 avosque
605 2651 730 2708 consules
744 2651 875 2717 viderant,
885 2669 943 2708 =eoe
957 2668 1006 2706 no·
1104 2711 1105 2722 p

69 2727 172 2787 bilitate
193 2729 368 2805 praeferrent.
410 2728 510 2786 Furere
531 2749 625 2786 ornnes
644 2729 745 2786 tribuni
759 2729 855 2806 plebia,
869 2741 932 2788 ante
946 2748 1005 2785 om·

69 2825 114 2865 nes
130 2807 284 2884 Pompilius
299 2806 501 2882 Antistiusque,
515 2808 624 2884 repulsis
636 2828 747 2886 suorum
762 2808 878 2876 accensi,
894 2816 902 2842 ‘
916 2808 1005 2873 Quid-

70 2892 152 2945 ‘uam
174 2887 204 2944 id
220 2889 261 2944 rei
275 2887 368 2944 esset?
390 2906 445 2942 non
461 2887 517 2944 anis
531 2886 680 2954 beneficiis,
694 2907 749 2944 non
765 2888 877 2946 Petrum
892 2887 1006 2964 injuriis,

69 2971 143 3024 ‘non
158 2965 279 3041 denique
292 2965 441 3042 usurpandi
454 2966 575 3033 libidine,
590 2985 674 3041 quum
689 2967 777 3032 liceat,
795 2967 869 3042 quod
879 2970 1008 3026 autenou

70 3045 206 3112 ‘licuerit
228 3045 251 3101 si
268 3064 323 3102 nou
336 3047 476 3102 tribunum
490 3046 644 3111 militarem,
658 3065 693 3102 ne
707 3060 879 3120 quaestorem
894 3047 1006 3121 quidem

70 3131 256 3201 ‘quemquam
270 3143 305 3182 ex
318 3124 398 3202 plebe
407 3123 510 3183 iactum
521 3123 541 3180 ³.
583 3124 647 3182 Non
661 3125 776 3184 valuisse
787 3127 871 3203 patris
881 3145 931 3203 pro
941 3125 1007 3194 lilio,

100 3273 106 3302 ¹
122 3275 219 3328 Mediis,
238 3271 324 3334 supply
337 3275 446 3328 consiliis,
464 3285 584 3318 mensures
596 3272 703 3336 meeting
719 3273 776 3320 each
793 3274 861 3320 other
877 3271 931 3319 half
944 3287 1004 3334 way.

21 3344 25 3347 ”
69 3340 78 3369 ¹
96 3342 245 3396 Tribunicio,
261 3343 305 3388 dic.
343 3341 396 3387 The
412 3338 508 3386 comitia
525 3338 562 3385 l'or
579 3340 730 3397 the'election
742 3340 772 3386 ol'
784 3341 887 3400 military
899 3337 1007 3386 tribunes
1104 3327 1105 3358 ³

69 3425 130 3457 nere
152 3407 206 3458 first
222 3407 287 3464 held,
307 3407 334 3456 i.·
346 3423 367 3456 e.
389 3407 472 3454 before
494 3407 561 3452 those
577 3405 615 3453 for
631 3409 672 3454 the
687 3401 789 3468 election
806 3406 836 3452 of
849 3421 863 3451 a
884 3402 1004 3466 quaestor.
1104 3423 1105 3446 ι

74 3473 82 3500 '
95 3480 153 3527 Noa
164 3480 224 3533 aaa,
237 3477 279 3523 dec.
318 3476 389 3531 Tbat,
408 3483 450 3521 not
461 3481 486 3520 to
497 3471 569 3532 spesk
580 3474 608 3520 ol
621 3489 635 3520 a
647 3474 741 3520 tribune
753 3473 782 3519 ot'
792 3473 832 3517 the
843 3467 949 3526 soldius,
963 3477 1007 3516 not
1104 3469 1105 3490 l

69 3559 111 3593 one
125 3544 154 3591 oi
168 3545 210 3591 tbe
228 3552 351 3607 quaestura
365 3557 423 3591 even
441 3539 488 3588 bad
504 3541 564 3587 been
582 3539 672 3589 elected
682 3539 747 3588 ‘from
758 3535 934 3598 theplebrians,
952 3546 1006 3584 not.
