2224 3862
115 249 173 308 scs
321 213 324 226 ’
506 249 541 308 r.
560 205 662 308 urvrr

119 409 167 467 ‘fvi
181 419 367 485 expugnatum
381 428 450 477 esse,
468 415 500 466 ut
517 409 620 466 tribuni
634 407 752 466 militnm
767 409 902 467 consulari
916 413 1048 486 potestate

118 496 126 523 ‘
140 501 169 546 et
182 509 217 546 ex
229 489 308 565 plebe
322 500 486 550 crearentur.
515 488 622 545 Petlsse
633 489 704 544 viros
713 489 789 544 domi
800 489 969 564 militiaeque
979 510 1052 566 spec-

118 575 126 602 ‘
140 579 212 625 tatos
223 591 230 634 3
243 568 338 644 primis
348 568 427 624 annis
434 567 584 643 sugillatus,
596 568 727 644 repulsos,
738 567 806 624 risui
817 569 947 626 Patribus
957 570 1053 636 fuisse;

116 649 242 704 ‘desisse
266 648 406 722 postremo
427 647 557 723 praebere
580 647 615 703 ad
639 647 834 722 pontnmeliam
854 667 893 704 os.
944 647 1005 706 Nec
1025 644 1052 706 se

117 725 240 794 ‘videre
262 747 311 784 cur
323 746 378 782 non
392 726 437 783 lex
450 727 559 801 qubque
573 727 728 802 abrogetur,
749 726 804 801 quit
821 727 849 783 id
868 727 961 795 liceat,
983 730 1051 802 quod

117 813 279 882 ‘nunquam
299 806 421 862 futurum
440 806 485 862 sit.
526 805 666 862 Minorem
680 805 783 880 quippe
801 807 931 864 ruborem
952 807 1010 863 fore
1026 809 1052 864 in

116 893 124 920 ‘
133 884 205 968 juris
218 885 371 960 iniquitate,
386 883 468 961 quiam
489 884 513 942 si
530 905 580 968 per
599 884 790 960 indignitatem
809 885 934 962 ipsorum
948 900 1052 963 praete·

116 965 265 1022 ‘reantun'

154 1044 292 1104 XXXVI.
313 1044 407 1122 Hujus
425 1044 532 1120 generis
552 1044 697 1112 orationes,
718 1065 780 1102 cum
802 1064 917 1103 assensu
936 1045 1050 1116 auditae,

115 1123 262 1182 incitavere
275 1127 407 1200 quosdam
422 1125 456 1182 ad
470 1126 618 1199 petendum
636 1125 805 1182 tribunatum
820 1125 951 1192 rnilitum,
972 1127 1050 1183 alium
1096 1135 1097 1138 ’

115 1203 189 1260 ‘alia
202 1205 237 1261 de
251 1205 402 1262 commodis
415 1205 501 1280 plebis
515 1203 633 1260 laturum
648 1223 678 1260 sa
697 1205 725 1260 in
739 1203 910 1279 magistratu'
926 1205 1049 1277 profiten-

114 1293 180 1340 tem.
222 1285 293 1360 Agri
313 1284 415 1361 publici
431 1283 571 1340 dividendi
591 1283 813 1358 coloniarumque
827 1284 1050 1342 deducendarum
1096 1283 1097 1296 ¹

113 1375 266 1420 ostentatae
279 1383 350 1439 spes,
365 1375 402 1428 et,
417 1362 542 1438 vectigali
556 1364 756 1438 possessoribus
769 1383 897 1437 agrorum
913 1363 1048 1439 imposito,
1096 1391 1097 1396 ¹

114 1442 142 1498 in
164 1443 331 1518 stipendium
355 1443 473 1499 militum
495 1442 625 1517 erogandi
651 1442 731 1498 aeris.
780 1442 932 1518 Captatum
956 1443 1050 1500 deinde
1096 1437 1097 1498 ἶ

94 1585 95 1590 ¹
113 1532 223 1597 tempus
236 1523 270 1578 ab
284 1522 399 1578 tribunis
414 1521 540 1585 militum,
564 1541 619 1596 qno
632 1540 682 1597 per
694 1522 844 1578 discessum
859 1521 1005 1578 hominnm
1018 1525 1048 1580 ab
1096 1529 1097 1596 ᾖ

113 1601 189 1668 urbe,
204 1621 289 1676 quum
299 1601 393 1658 Patres
402 1599 570 1657 clandestina
583 1601 793 1658 denunciatione
802 1602 926 1658 revocati
938 1603 973 1658 ad
982 1603 1047 1658 diern

113 1692 214 1736 certam
229 1692 329 1747 essent,
350 1678 460 1736 senatus
480 1679 635 1736 consultum
650 1681 736 1748 fieret,
757 1681 917 1737 absentibus
938 1681 1047 1738 tribunis
1096 1677 1097 1746 l

112 1758 203 1834 plebi:
225 1767 232 1794 ⁸
246 1771 286 1824 ut,
296 1759 423 1834 quoniam
437 1757 592 1815 Volscosin
602 1758 787 1816 Hernicorum
798 1779 878 1834 agros
888 1761 1046 1836 praedatum
1096 1821 1097 1836 χ

113 1847 120 1871 ‘
134 1840 222 1896 exisse
236 1839 308 1895 fama
321 1850 401 1904 esset,
415 1838 450 1894 ad
464 1857 521 1894 rem
535 1837 731 1914 inspiciendam
743 1839 845 1896 tribuni
854 1839 976 1896 militurn
991 1859 1045 1915 pro·
1096 1837 1097 1860 ³

112 1917 328 1985 ‘ficiscerentun
347 1917 553 1992 consulariaque
574 1917 685 1975 comitia
706 1917 887 1976 haberentur)
934 1919 1046 1976 Profecti
1096 1925 1097 1946 ¹

112 1998 169 2073 Ap.
184 1997 340 2066 Claudium,
354 1997 441 2053 filium
455 1997 611 2064 decemviri,
626 1998 793 2072 praefectum
808 1997 882 2053 urbis
891 1998 1046 2073 relinquunt

51 2099 55 2112 ·
110 2075 256 2152 impigrum
266 2075 407 2153 juvenem,
421 2075 516 2152 etjam
530 2076 594 2133 inde
607 2075 642 2132 ab
655 2077 824 2134 incunabulis
833 2077 974 2134 imbutum
989 2079 1044 2134 odio

109 2157 282 2213 tribunorum
295 2157 445 2233 plebisque.
485 2155 614 2232 Tribunis
624 2156 698 2230 plebi
706 2176 757 2214 nec
767 2175 829 2212 cum
839 2157 999 2214 absentibus
1007 2158 1043 2223 iis,

109 2236 157 2311 qui
170 2235 281 2292 senatis
294 2237 448 2293 consultum
462 2235 591 2304 fecerant,
605 2254 657 2292 nac
670 2255 733 2294 curn
748 2235 851 2311 Appio,
866 2238 1003 2294 transacti
1009 2257 1042 2306 re,
1096 2255 1097 2258 ’

108 2315 183 2390 quod
196 2316 401 2382 contenderent,
414 2315 475 2370 fnit.

248 2393 401 2451 XXXVII.
416 2393 642 2452 Creaticonsules
652 2405 716 2450 sunt
726 2392 759 2451 C.
772 2392 955 2471 Sempronius
967 2397 1040 2454 Atra·

111 2465 172 2544 ¹¹2⁰·
210 2473 292 2540 tinus,
304 2473 340 2535 Q.
349 2471 450 2529 Fabius
459 2473 621 2530 Vibulanus.
662 2473 809 2548 Peregrina
818 2494 870 2540 res,
885 2476 936 2532 sed
946 2495 1041 2532 memo-

108 2521 166 2570 332'
209 2552 249 2609 risi
269 2552 359 2628 digua,
380 2551 496 2608 traditur
516 2571 550 2609 eo
563 2553 735 2610 annofacta:
757 2551 937 2620 Vulturnum,
954 2555 1040 2611 Etrus·
1096 2551 1097 2554 ’

108 2652 201 2690 corum
223 2631 329 2700 urbem,
350 2651 420 2706 quae
443 2651 517 2688 nunc
540 2631 637 2707 Capua
659 2643 709 2698 est,
733 2632 768 2688 ab
792 2632 965 2690 Samnitibus
985 2653 1039 2709 cap·

107 2725 182 2780 tam;
204 2712 382 2788 Capuamque
401 2711 436 2767 ab
456 2711 526 2768 duce
544 2731 639 2768 eorum
654 2711 758 2788 Capye,
773 2712 815 2768 vel
830 2711 922 2788 (quod
937 2713 1040 2789 propius

106 2812 172 2850 vero
185 2793 243 2866 est)
256 2811 272 2848 a
283 2791 427 2866 campestri
436 2809 501 2865 agro
511 2791 672 2867 appellatam
684 2790 702 2846 ¹.
744 2791 849 2866 Cepere
860 2805 965 2859 autem,
974 2792 1040 2869 priris

106 2871 178 2929 bello
198 2869 316 2946 fatigatis
338 2870 471 2936 Etruscis,
492 2869 520 2925 in
534 2870 692 2928 societatem
713 2869 787 2926 urbis
804 2889 989 2945 agrorumque
1001 2890 1038 2928 ac·

106 2952 198 3027 cepti:
219 2951 318 3006 deiude
338 2951 409 3006 festo
429 2949 473 3006 dia
493 2969 589 3024 graves
609 2969 706 3006 somno
726 2949 869 3024 epulisque
883 2949 986 3008 incolas
999 2969 1038 3006 ve·

105 3043 178 3088 teres
198 3029 262 3086 novi
282 3029 372 3086 coloni
392 3030 526 3086 nocturnis
546 3029 631 3086 caede
650 3029 748 3085 adorti.
791 3028 844 3084 His
858 3030 942 3086 rebus
955 3028 1039 3088 actis²

106 3110 231 3167 consules
244 3109 274 3176 ii,
287 3129 356 3183 quos
369 3108 498 3175 diximus,
513 3108 608 3166 Idibus
616 3107 818 3165 Decembribus
829 3107 840 3140 ³
854 3109 1037 3184 magistratum

104 3208 246 3268 occepere.
286 3188 349 3245 Jam
364 3207 418 3244 non
433 3185 531 3256 solnm,
545 3189 593 3262 qui
607 3187 683 3244 adid
698 3187 773 3244 missi
787 3200 873 3256 erant,
884 3189 1035 3253 retulerant,

137 3337 144 3366 ¹
165 3339 254 3398 Heyne
265 3333 349 3382 thinks
360 3335 411 3381 nbat
422 3335 479 3381 both
493 3335 632 3381 Vulturnus
642 3333 690 3382 and
705 3335 789 3395 Capua
800 3349 840 3380 are
851 3349 934 3382 names
946 3331 1036 3382 derived

104 3403 171 3450 from·
182 3403 256 3460 birds,
271 3402 327 3450 with
344 3417 358 3448 a
375 3402 496 3449 reference
508 3412 532 3448 to
543 3417 634 3450 omens.
706 3398 716 3425 ¹
738 3406 787 3452 His
802 3405 872 3452 rebus
883 3407 943 3452 actis
955 3405 996 3450 has
1007 3415 1036 3446 no

103 3481 218 3530 apparent
235 3472 357 3518 reference
372 3478 397 3515 to
408 3485 456 3531 any
467 3471 536 3532 thing
548 3470 623 3532 going
633 3469 724 3526 before,
736 3471 784 3516 and
798 3471 938 3518 Gronovius
949 3483 1034 3517 menm-

102 3540 186 3585 raends
203 3540 255 3586 that
271 3541 312 3586 the
324 3535 402 3584 words
416 3539 446 3584 be
462 3536 563 3583 deleted
602 3537 712 3600 Doeriog
725 3537 808 3585 thinks
822 3539 873 3585 that
885 3539 941 3601 they
952 3535 1034 3598 simle

102 3605 356 3662 mean,attbattime.
415 3603 704 3666 -¹ssep.151,uore3.
