2230 3846
96 164 150 222 tta
483 163 517 224 T.
537 164 638 225 LIVII

95 321 212 380 multum
240 323 403 400 praecipites
428 343 529 400 pavore
554 325 582 381 in
610 325 697 383 lorum
725 324 860 382 devolant.
902 322 1057 381 Alternus

95 421 186 468 voces,
208 404 280 459 ‘Ad
299 403 392 470 arma,'
412 418 441 460 et
463 403 619 461 ‘Hostes'
611 424 639 460 ιιι
658 406 727 461 urbe
748 417 820 469 suut,
822 403 1054 461 ’audiebantun

97 479 232 538 Consules
247 493 275 538 et
290 502 395 540 armare
408 484 526 574 plebem,
546 495 575 540 et
588 484 720 541 inermem
735 484 792 560 pati
805 484 950 540 timebant.
996 481 1055 538 In·

95 560 172 626 certi,
186 561 261 635 quod
275 561 376 619 malurn
391 564 573 638 repentinum,
588 576 732 620 externum
746 582 779 620 an
795 559 995 628 intestinum¹,
1013 559 1056 616 ab

96 638 160 695 odio
180 639 274 714 plebis,
295 661 330 697 au
350 643 384 698 ab
404 643 494 699 servili
507 642 611 710 fraude,
626 641 743 700 urbem
735 643 886 708 turasisset,
900 639 1057 698 sedabant

95 718 239 793 turnultus,
260 720 381 778 sedando
400 722 539 778 interdum
558 723 713 779 movebant.
756 721 816 778 Nec
835 721 908 778 cuim
928 731 1059 796 poterat

95 787 195 871 pavida
214 811 243 856 et
262 811 434 857 consternata
454 801 602 858 multitudo
616 801 673 876 regi
686 801 810 876 imperio
850 799 931 856 Dant
945 811 1057 854 tamen

95 895 178 944 arma,
200 897 254 934 uon
270 875 493 953 vulgi>3tanti1m
508 893 547 947 ut,
568 880 674 937 incerto
688 879 775 947 hoste,
788 878 959 955 praesidium
976 877 1057 934 satis

95 956 182 1012 fidum
202 958 237 1013 ad
254 959 346 1014 omnia
358 971 439 1016 esset
482 959 598 1016 Solliciti
611 959 746 1034 reliquum
761 958 858 1026 noctis,
873 957 1055 1031 incertique,

96 1035 143 1109 qui
162 1034 296 1103 homines,
312 1051 430 1112 quantus
448 1057 580 1095 numerus
594 1037 713 1094 hostiurn
729 1051 809 1104 esset,
829 1037 858 1093 iu
871 1036 1057 1094 stationibus

96 1113 273 1192 disponendis
286 1118 321 1173 ad
335 1130 489 1194 opportuna
502 1117 591 1174 omnis
604 1117 679 1173 urbis
692 1117 760 1183 locu,
775 1135 864 1192 egere.
904 1114 975 1171 Lux
999 1115 1056 1171 de·

96 1195 161 1252 inde
181 1196 288 1272 aperuit
307 1197 408 1253 bellum
430 1197 584 1272 ducemque
603 1195 678 1254 belli.
719 1196 818 1253 Servos
832 1196 867 1252 ad
880 1193 1057 1251 libertatem

97 1277 154 1350 ap.
170 1275 329 1332 Herdonius
343 1295 378 1333 ex
390 1276 526 1352 Capitolio
537 1277 659 1342 vocabat,
675 1281 683 1310 ‘
699 1275 735 1332 Se
747 1274 891 1332 miserrimi
901 1273 1056 1349 cujusque

98 1353 272 1430 ‘suscepisse
292 1374 410 1421 causam,
431 1368 463 1412 ut
480 1355 610 1412 exsules
603 1355 703 1430 injuria
688 1354 829 1430 p'ulsos
821 1373 850 1410 ιιι
863 1352 987 1428 patriam
1004 1371 1056 1408 re·

96 1439 104 1464 ‘
119 1432 240 1498 duceret,
251 1445 280 1490 et
290 1434 406 1490 servitiis
415 1455 497 1509 grave
506 1433 605 1510 jugum
620 1437 751 1491 demeret.
791 1433 826 1489 ld
839 1432 919 1488 molle
934 1431 1055 1508 populo

97 1517 104 1542 ‘
120 1509 247 1567 Romano
258 1526 369 1570 auctore
383 1513 449 1570 fieri.
492 1513 521 1572 Si
541 1514 580 1570 ibi
600 1533 663 1590 spes
683 1532 738 1568 non
758 1512 802 1578 sit,
816 1531 846 1568 se
864 1511 997 1578 Volscos,
1021 1522 1055 1569 et

97 1595 104 1622 ⁴
119 1589 243 1663 Aequos,
255 1603 283 1646 et
297 1591 388 1647 omnia
400 1606 523 1650 extrema
536 1606 704 1650 tentaturum
718 1604 747 1648 et
760 1589 983 1648 concitaturum!

135 1667 216 1724 XVI.
232 1665 363 1728 ‚ducere
372 1691 414 1728 res
423 1691 509 1745 magis
520 1672 646 1729 Patribus
656 1684 739 1746 atque
747 1671 912 1728 consulibus
956 1670 1053 1727 Prae·

97 1759 139 1802 ter
153 1767 186 1804 ea
199 1759 299 1815 umen,
314 1769 384 1824 quae
398 1751 641 1818 denunciabantur,
656 1771 691 1808 ne
707 1749 873 1826 Vejentium,
888 1768 946 1805 neu
961 1749 1052 1806 Subi·

96 1845 194 1884 norum
216 1828 245 1884 id
261 1830 403 1886 consilium
418 1844 499 1896 esset,
521 1831 634 1887 timere.
655 1843 692 1898 et,
707 1849 792 1904 quum
806 1839 912 1886 tantum
927 1828 956 1884 iu
972 1829 1051 1884 urbe

97 1903 217 1964 hostium
232 1921 313 1975 esset,
327 1928 391 1986 mox
408 1909 525 1967 Sabinae
539 1911 728 1984 Etruscaeque
742 1908 863 1984 legiones
876 1927 911 1963 ex
925 1925 1051 1983 compo·

96 1984 150 2042 sito
170 1987 317 2054 adesseut;
337 2000 396 2045 tum
416 1990 520 2046 aeterni
540 1988 633 2045 hostes
648 1987 742 2045 Volsci
761 2001 790 2045 et
806 1985 906 2061 Aequi,
927 2005 988 2041 nou
1012 1985 1051 2042 ad

97 2065 276 2141 populandos,
291 2079 324 2124 ut
336 2069 408 2131 ante,
423 2068 499 2133 fines,
514 2069 563 2124 sed
576 2068 610 2123 ad
624 2069 730 2134 urbem,
744 2079 776 2123 ut
789 2077 909 2140 exparte
919 2076 1050 2139 captam,

97 2144 230 2204 venirent
270 2143 357 2202 Multi
377 2160 406 2203 et
423 2146 491 2203 varii
509 2146 630 2202 timores.
670 2144 746 2202 Inter
769 2157 874 2202 ceteros
901 2143 1053 2200 eminebat

98 2235 185 2281 terror
198 2225 312 2292 servilis,
327 2245 361 2281 ne
373 2245 441 2282 suus
454 2226 554 2299 cuique
567 2225 643 2282 domi
656 2223 743 2281 hostis
757 2235 845 2288 esset;
865 2222 910 2279 cui
920 2241 974 2278 uec
984 2241 1050 2280 cre·

98 2301 173 2368 dere,
193 2323 253 2371 nec,
273 2323 329 2360 non
349 2305 495 2370 credendo,
518 2324 553 2362 ne
567 2303 690 2361 infestior
703 2304 788 2369 fieret,
802 2303 885 2358 fidem
899 2301 1049 2376 abrogare,

99 2380 165 2435 satis
186 2393 243 2438 erat
270 2394 371 2438 tutum
412 2383 522 2458 Vixque
542 2373 704 2441 concordia
707 2383 765 2438 sisti
784 2381 927 2437 videbatur
950 2400 1048 2456 posse.

100 2458 228 2526 Tantum,
250 2462 440 2536 superantibus
460 2463 520 2519 aliis
533 2483 565 2520 ac
579 2461 782 2536 emergentibus
795 2461 881 2526 malis,
895 2479 980 2517 nemo
996 2459 1047 2516 tri-

100 2537 188 2596 bunos
207 2552 256 2596 aut
276 2541 384 2614 plebem
405 2543 528 2598 timebat.
568 2540 749 2598 Mansueturn
770 2540 798 2596 id
818 2539 930 2606 malum,
951 2551 981 2595 et
995 2558 1047 2615 per

99 2616 213 2674 aliorum
228 2618 348 2693 quietern
370 2621 501 2677 malorum
521 2641 629 2696 semper
642 2619 776 2686 exoriens,
791 2631 905 2692 tumque
918 2637 981 2675 esse
994 2637 1046 2693 pe·

100 2696 207 2770 regrino
222 2712 323 2755 terrore
339 2700 458 2775 sopitum
474 2700 625 2757 videbatur.
667 2700 708 2755 At
721 2699 749 2754 id
764 2717 849 2773 prope
860 2717 946 2753 unum
956 2699 1044 2753 maxi·

100 2777 145 2832 me
165 2776 301 2834 inclinatis
321 2779 402 2835 rebus
422 2779 577 2836 incubuit².
619 2778 725 2836 Tantus
742 2778 814 2834 enim
830 2777 955 2834 tribunos
967 2777 1044 2833 furor

134 2888 140 2916 ¹
156 2889 232 2945 Note,
246 2891 296 2937 thot
308 2893 348 2938 the
363 2892 470 2939 llornans
482 2890 568 2938 almost
580 2905 651 2938 never
662 2899 743 2951 repeat
753 2908 786 2939 on
797 2888 822 2936 in
834 2889 875 2937 the
885 2898 933 2936 two
940 2888 1042 2936 alterna-

100 2955 147 3002 tire
161 2956 260 3016 clauses,
273 2961 317 3005 but
329 2958 404 3006 either
415 2959 475 3006 omit
486 2959 526 3005 the
538 2958 588 3004 first
599 2977 639 3015 an,
658 2975 685 3006 οι
696 2974 739 3005 use
750 2969 885 3013 utrum-on,
898 2972 926 3004 or
937 2975 977 3006 -ιιι
988 2975 1039 3006 -ιιιι,
1109 2969 1110 2972 ’

99 3026 108 3053 ¹
127 3027 182 3082 Cui,
195 3028 239 3073 &c
276 3027 364 3072 Whorn
376 3027 395 3072 it
407 3041 453 3072 was
466 3026 557 3072 neither
568 3027 617 3073 sole
629 3036 654 3073 to
666 3036 734 3080 trust,
748 3041 792 3072 nor
808 3028 838 3086 by
848 3024 949 3072 distrust
959 3036 985 3072 to
1002 3023 1042 3070 de-

99 3093 166 3152 prive
178 3093 277 3154 entirely
290 3094 318 3140 ot‘
332 3093 478 3150 confidence,
496 3093 541 3140 lest
557 3093 604 3140 this
615 3094 702 3140 should
713 3093 819 3141 increase
835 3093 872 3139 his
884 3093 948 3140 hate.
987 3091 1042 3140 And

99 3161 119 3206 it
129 3159 224 3206 seemed
237 3163 287 3206 that
298 3162 338 3206 the
349 3171 408 3208 state
420 3159 492 3211 could
504 3160 607 3222 scarcely
619 3163 649 3208 be
659 3161 766 3217 secured,
779 3177 837 3208 even
847 3163 876 3221 by
889 3160 1041 3207 harmonious

98 3227 187 3275 efforts.
227 3228 292 3288 Only
305 3231 334 3290 (ι’.
349 3247 368 3276 e.
389 3229 427 3274 the
442 3228 498 3289 only
511 3230 695 3275 circumstances
706 3228 783 3276 which
795 3243 855 3290 gave
866 3228 933 3276 them
945 3243 992 3288 any
1004 3242 1038 3273 ss-

100 3310 200 3342 surnnce
212 3296 241 3342 of
253 3295 330 3355 safety
342 3311 397 3351 was,
416 3295 478 3353 that)
492 3295 587 3356 nobody
601 3295 678 3342 ienred
691 3296 731 3342 the
744 3295 862 3343 Tribunes
874 3311 902 3341 or
918 3294 1038 3343 I’lebeians

99 3362 170 3409 while
190 3365 257 3410 other
274 3361 403 3408 calamities
415 3377 476 3408 were
493 3362 679 3424 orerwhelming
695 3361 743 3409 arrd
760 3361 835 3425 rising
852 3378 886 3422 up
898 3361 991 3425 against
1001 3361 1037 3408 tho

99 3430 234 3490 republtc„
252 3431 314 3476 That
325 3444 408 3490 source
419 3430 447 3475 of
462 3429 573 3493 calamity
584 3429 678 3477 seemed
696 3430 735 3492 (in
746 3429 836 3476 similar
854 3430 1034 3478 circumstances
1107 3439 1108 3444 ’

100 3505 125 3542 to
137 3497 248 3560 become)
260 3495 368 3559 pacilled,
386 3495 433 3544 and
449 3495 537 3559 always
552 3497 641 3561 arisiug
652 3495 676 3544 in
689 3498 728 3544 the
740 3497 807 3560 qujet
819 3496 920 3546 interval
932 3497 960 3544 of
973 3497 1036 3552 other
