2230 3846
114 207 171 266 16⁰
506 205 541 265 T.
561 207 662 266 LlVll

113 374 121 402 ⁸
135 364 383 443 quampestilentia
396 365 423 421 in
437 364 506 424 urbe
518 367 608 424 luerat
618 365 636 432 ¹,
651 365 679 422 in
689 361 874 442 juventutem,
885 379 1061 440 grassantem

114 455 122 480 ‘
136 447 164 502 in
177 444 294 511 Subura,
303 444 439 501 incidisse.
467 445 604 502 Ibirixam
614 457 705 502 natam
717 465 786 512 esse,
794 445 961 520 fratremque
973 465 1061 502 suum

113 533 121 560 ‘
135 523 267 600 majorem
282 536 357 590 natu,
371 523 489 581 necdum
500 543 536 580 ex
546 525 641 581 morbo
652 525 717 581 ratis
726 524 855 590 validum,
865 543 960 600 pugno
969 524 1063 581 ictum

113 604 171 662 ‘ab
191 603 320 660 Kaesone
340 603 472 660 cecidisse
489 603 686 660 semianimem.
726 603 803 661 Inter
824 622 923 660 manus
940 603 1062 659 domum

113 682 265 747 ‘ablatum
286 695 480 756 mortuumque
500 682 565 740 inde
584 682 717 774 arbitrari,
736 703 790 740 nec
802 681 853 738 sibi
867 701 925 738 rem
940 683 1062 756 exsequi

113 771 191 820 ‘tam
211 775 332 819 atrocem
352 781 402 837 per
424 762 550 818 consules
561 763 746 854 superiorum
773 781 906 818 annorum
927 759 1062 817 licuisse.

113 841 194 899 Haec
207 841 320 898 Volscio
330 841 494 906 clamitante,
505 836 576 897 adab
586 841 715 898 concitati
707 838 931 905 hominessunt,
938 854 974 896 ut
982 839 1060 896 baud

111 921 230 978 multum
250 920 376 987 abfuerit,
397 921 462 995 quin
483 920 589 996 impetu
599 920 697 1011 populi
711 919 825 976 Kaeso
817 920 949 976 interiret.
992 919 1059 976 Vir·

113 1001 204 1098 ginius
217 1001 299 1075 arripi
291 999 388 1076 'jubet
398 998 546 1065 hominem,
561 1012 590 1056 et
598 1019 626 1055 tn
637 999 746 1057 vincula
754 999 826 1056 duct
869 999 980 1056 Patricii
990 1018 1059 1056 con-

110 1079 154 1136 tra
172 1080 200 1136 vi
218 1079 358 1136 resistunt.
400 1078 434 1135 Τ
455 1079 602 1142 Quinctius
621 1077 752 1145 clamitat,
773 1078 852 1136 ‘Cui
870 1077 910 1134 rei
930 1078 1058 1153 capitalis

112 1168 119 1193 ¹
135 1159 194 1216 dies
207 1159 282 1216 dicta
294 1158 339 1226 sit,
354 1170 383 1214 et
396 1158 431 1214 da
444 1177 500 1232 quo
514 1157 635 1214 luiturum
650 1177 735 1235 prope
750 1157 823 1214 diem
832 1157 980 1232 judicium,
989 1175 1057 1214 eum

113 1239 323 1295 ‘indemnatum
344 1237 448 1294 indicta
467 1255 551 1294 causa
569 1257 623 1292 non
644 1237 744 1294 debere
761 1237 871 1293 violari:
914 1237 1058 1293 Tribunus

111 1316 306 1394 ‘supplicium’
321 1323 424 1392 neget‘
442 1329 616 1392 sumpturum
630 1336 661 1373 se
679 1317 713 1372 de
733 1317 910 1382 indemnato;
931 1329 1057 1372 servatu-

113 1404 195 1452 ‘rum
216 1408 308 1452 tamen
329 1396 357 1451 in
372 1395 487 1452 vinculis
502 1415 563 1452 esse
576 1397 611 1451 ad
626 1395 724 1470 judicii
738 1395 830 1461 diem3
848 1409 888 1462 ut,
900 1395 950 1470 qui
965 1396 1056 1452 bomi-

114 1482 198 1532 ‘nem
219 1475 366 1540 necaverit,
387 1475 423 1531 de
443 1494 477 1530 eo
496 1474 625 1550 supplicii
644 1475 771 1532 sumendi
785 1475 863 1550 copia
878 1475 981 1552 populo
996 1475 1055 1532 Ro·

113 1563 121 1588 ‘
136 1573 218 1610 mano
231 1552 296 1611 fiat'
338 1553 479 1628 Appellati
499 1555 601 1610 tribuni
615 1554 706 1610 medio
719 1553 830 1611 decreto
838 1553 886 1629 jus
899 1554 995 1610 auxilii
1010 1554 1055 1610 sui

113 1633 283 1709 expediunt:
304 1633 331 1688 in
346 1632 456 1690 vincula
469 1632 568 1708 conjici
581 1644 693 1690 vetant:
714 1632 773 1690 sisti
787 1653 873 1700 reum,
893 1633 1055 1709 pecuniam·

112 1732 175 1786 que,
201 1712 255 1768 nisi
281 1713 400 1778 sistatur,
423 1712 527 1788 populo
547 1712 680 1788 promitti,
707 1711 815 1788 placere
841 1712 1056 1788 pronunciant².

112 1793 256 1852 Summam
279 1791 411 1866 pecuniae
432 1803 561 1866 quantam
578 1810 697 1866 aequum
718 1803 791 1848 esset
810 1791 941 1865 promitti,
959 1791 1053 1849 venie·

112 1871 159 1928 bat
179 1871 207 1926 in
227 1869 361 1927 dubium:
382 1869 411 1926 id
431 1871 466 1926 ad
486 1883 611 1927 serratum
632 1869 762 1948 rejicitur.
803 1869 888 1936 Reus,
907 1871 975 1926 dum
990 1889 1055 1928 con·

113 1949 270 2007 sulerentur
284 1950 388 2014 Patres,
402 1961 526 2006 retentus
540 1951 567 2006 in
580 1948 712 2025 publico³
727 1961 777 2006 est.
818 1948 910 2006 Vadas
920 1951 987 2006 dare
998 1949 1056 2025 pla·

112 2031 180 2087 cuit.
220 2029 315 2088 Unum
330 2029 428 2086 vadem
442 2029 529 2086 tribus
539 2029 658 2086 millibus
669 2026 763 2085 aeris⁴
775 2027 938 2103 ohligdrunt.
978 2029 1058 2092 Quot

113 2110 252 2178 darentur,
272 2109 436 2184 permissum
459 2108 575 2164 tribunis
600 2121 651 2165 ast.
691 2107 798 2165 Decem
820 2107 958 2164 linierunt.
1000 2107 1057 2164 Tot

112 2189 228 2245 vadibus
247 2201 390 2246 accusator
409 2188 525 2244 vadatus
545 2199 587 2244 est
606 2207 683 2244 reum
696 2184 718 2241 ⁵.
771 2185 830 2244 Hic
848 2185 954 2262 primns
973 2187 1055 2243 vades

114 2267 239 2344 publicos
252 2267 337 2323 dedit.
378 2265 519 2322 Dimissus
532 2287 548 2322 a
561 2267 620 2322 loru
629 2278 710 2323 nocte
724 2265 849 2341 proximi
861 2265 889 2321 in
904 2265 1013 2324 Tuscos
1027 2266 1055 2322 in

113 2346 239 2402 exsilium
254 2345 329 2402 abiit.
368 2344 388 2402 J
390 2345 473 2402 udicii
484 2347 529 2402 die
539 2365 623 2420 quum
632 2355 810 2402 excusaretur
824 2345 927 2400 ‘solum
940 2346 1054 2402 vertisse

113 2424 226 2481 ‘exsilii
245 2422 345 2488 causd,'
365 2421 451 2480 nihilo
471 2425 560 2480 minus
574 2425 699 2500 Virginio
717 2424 830 2481 comitia
849 2422 978 2490 habente,
1000 2425 1055 2481 col·

113 2503 190 2578 lagae
210 2501 339 2578 appellati
358 2501 487 2559 dimisere
506 2504 667 2560 concilium:
689 2501 806 2578 pecunia
825 2523 841 2560 a
861 2517 939 2578 patre
956 2514 1053 2560 exacta

114 2581 270 2649 crudeliter,
283 2593 323 2649 ut,
337 2580 484 2638 divenditis
498 2581 625 2638 omnibus
638 2583 725 2650 bonis,
740 2581 907 2657 aliquamdiu
920 2594 997 2640 trans
1008 2582 1054 2639 Ti·

116 2662 212 2727 berim,
226 2660 312 2718 veluti
325 2660 470 2735 relegatus,
484 2661 565 2717 devio
578 2661 695 2734 quodam
710 2661 821 2736 tugririo
834 2662 948 2718 viveret.

155 2739 235 2797 XIV.
256 2739 321 2797 Hoc
329 2738 466 2816 judicium
481 2751 510 2797 et
523 2740 694 2816 promulgata
707 2740 751 2796 lex
766 2741 889 2797 exercuit
897 2739 1053 2798 civitatem:

147 2853 154 2880 ¹
173 2854 291 2902 Fuisset?
311 2853 355 2900 See
366 2867 391 2912 p.
403 2851 458 2909 106,
468 2861 524 2899 note
540 2851 559 2900 l.
634 2849 644 2876 ¹
660 2854 786 2915 Appellatl,
795 2853 840 2900 dcc.
877 2853 930 2900 The
939 2853 1053 2910 tribunes,

113 2922 182 2967 when
194 2918 308 2981 eppealed
320 2930 354 2977 to,
366 2920 416 2968 free
427 2919 488 2966 srom
501 2919 534 2967 all
550 2919 681 2983 objections
698 2919 758 2967 their
769 2920 835 2982 right
846 2929 871 2967 to
882 2920 953 2967 assist
963 2921 1004 2967 the
1016 2937 1052 2968 ac·

113 2987 194 3044 cused,
207 2991 239 3050 by
250 3003 264 3034 a
275 2987 360 3037 decree
370 2990 476 3034 between
489 2987 528 3034 the
539 2997 587 3034 two
599 2997 730 3046 extremes3
749 2988 805 3049 they
816 2987 886 3034 order
902 2989 953 3034 blm
971 2998 1015 3034 not
1031 2998 1053 3034 to

113 3057 142 3104 be
153 3057 246 3102 thrown
258 3055 309 3104 into
326 3055 424 3116 prison3
445 3056 500 3116 they
512 3054 604 3102 declare
616 3056 635 3102 it
651 3065 677 3102 to
694 3057 724 3102 be
741 3056 802 3102 their
818 3054 936 3115 pleasure,
952 3056 1053 3102 thartha

113 3123 244 3171 defendant
260 3125 290 3170 be
306 3122 375 3170 made
390 3132 415 3168 to
432 3137 519 3182 appear
533 3131 557 3168 at
571 3123 610 3170 the
622 3123 684 3179 trial,
696 3121 744 3170 und
755 3139 770 3170 a
780 3138 834 3168 sum
847 3123 875 3168 of
888 3138 978 3184 money
990 3133 1015 3170 to
1026 3125 1052 3169 be

112 3190 210 3238 assured
222 3200 248 3238 to
259 3190 298 3236 the
309 3189 401 3250 people,
414 3189 437 3236 ir
443 3190 473 3236 he
484 3189 516 3236 do
527 3199 570 3236 not
580 3205 674 3250 appear.
800 3191 809 3218 ⁸
825 3193 931 3246 Publice,
943 3205 976 3237 sc.
993 3190 1050 3236 suro.

115 3257 200 3307 Below
211 3273 247 3305 we
258 3258 317 3304 hare
328 3260 439 3306 dimissus
449 3276 461 3306 e
462 3259 530 3320 soro.
563 3256 658 3306 ⁴29:
678 3256 723 3305 1³:
740 3255 763 3304 9.
885 3256 1052 3318 ⁵According
1100 3307 1101 3316 ἵ

114 3335 140 3372 to
153 3326 246 3382 Festus,
258 3341 298 3373 aas
314 3339 394 3371 comes
411 3325 472 3370 from
484 3329 550 3374 uado.
589 3323 669 3370 Vedes
679 3323 733 3370 ideo
750 3323 815 3382 dicti,
828 3323 893 3387 quod
905 3323 948 3386 qui
960 3339 1001 3370 eos
1012 3324 1050 3370 de·
1100 3327 1101 3345 ¹

114 3391 183 3448 derit,
195 3396 303 3448 audendi,
313 3390 338 3436 id
350 3400 391 3442 est,
404 3389 550 3448 discedendi,
568 3392 638 3438 babet
649 3392 798 3451 potestatem.
841 3395 928 3439 Vadnri
938 3409 1014 3447 reum,
1026 3399 1049 3436 to

113 3459 171 3506 bind
187 3461 228 3506 the
239 3457 369 3506 defendant
379 3459 408 3516 by
421 3456 485 3504 hail:
505 3458 544 3504 the
555 3473 667 3506 converse
678 3457 756 3505 action
768 3455 850 3508 of'the
861 3457 993 3506 defendant
1004 3473 1049 3506 was

113 3526 212 3584 termed,
224 3531 293 3577 vader
303 3529 367 3580 dore,
379 3537 407 3570 or
417 3527 579 3576 uodintoaiam
585 3528 729 3588 promittere.
