2262 3858
473 207 597 266 mese
618 208 653 266 v.
967 214 1025 302 scr

8 361 9 396 ἶ
84 373 169 426 ‘east
190 365 334 430 invenietis
347 366 439 424 omnia
458 386 587 443 prospere
607 367 730 424 evenisse
743 370 920 444 sequentibus
935 370 1023 440 Deos,

82 454 90 480 ‘
104 447 222 504 adversa
235 447 435 521 spernentibus.
463 446 527 504 Jam
543 447 666 504 omnium
678 447 797 523 primum
808 449 910 527 Vejem
921 451 1023 509 bellum

80 525 172 600 ‘(per
192 537 261 598 quot
279 545 373 592 anuos,
394 538 497 600 quanto
516 526 607 582 labore
628 538 736 601 gestum
749 527 774 601 l)
795 548 850 585 uon
869 531 1024 607 antecepit

8 643 9 674 3
80 613 88 638 ‘
102 605 198 670 finem,
219 603 303 678 quhm
316 605 423 662 monitu
438 604 562 662 Deorum
582 624 653 680 uque
672 625 709 662 ex
724 607 786 663 lacu
800 607 911 666 Albano
924 611 1023 668 emissa

8 679 9 684 '
80 691 154 740 ‘est
196 683 273 746 Quid
290 682 357 740 haec
378 684 488 741 taudem
509 684 584 740 urbis
603 698 713 742 nostrae
733 686 824 743 clades
840 689 934 746 nora?
955 709 1023 746 num

80 770 88 795 ‘
102 765 169 820 anth
190 773 287 820 exorta
306 776 357 829 est,
378 761 459 838 quiam
477 775 569 839 spreta
583 783 636 820 vox
650 765 728 822 coelo
741 766 841 822 emissa
854 767 889 824 de
902 769 1023 826 adventu

80 849 87 876 ‘
103 841 277 900 Gallorum?
298 841 380 916 quam
394 843 516 917 gentium
533 841 580 918 jus
596 845 630 900 ab
644 843 739 918 legatis
753 845 852 902 nostris
866 847 1021 907 violatum?

80 920 187 996 ‘quiam
202 941 220 978 a
232 920 320 986 uobis,
340 941 434 996 quum·
446 922 577 978 vindicari
597 921 719 992 deberet,
740 924 837 981 eadem
856 925 1023 1000 negligentiis
1067 921 1071 926 ’

79 1007 87 1034 ‘
102 999 233 1058 Deorum
246 1001 491 1075 praetermissum?
512 1000 601 1075 igitur
615 1002 680 1060 victi
699 1003 828 1077 captique
840 1023 873 1061 ac
887 1006 1023 1082 redempti

79 1087 87 1114 ‘
101 1090 211 1136 tuntum
226 1099 376 1155 poenarum
390 1080 454 1138 Diis
468 1078 677 1155 hominibusque
691 1081 826 1150 dedimus,
843 1095 874 1140 ut
887 1095 1021 1143 terrarum

79 1165 87 1193 ‘
101 1160 161 1215 orbi
176 1159 344 1216 documento
355 1159 509 1216 ¹.essemus.
549 1160 692 1218 Adversus
703 1162 802 1219 deiude
816 1181 859 1220 res
871 1164 1022 1222 admonue-

78 1245 168 1295 ‘ruut
188 1238 363 1312 religionum·
403 1238 585 1314 Confugimus
605 1239 633 1295 iu
648 1240 815 1315 Capitolium
829 1243 864 1298 ad
878 1241 965 1309 Deos,
986 1246 1022 1301 sd

78 1325 86 1352 ‘
100 1318 197 1377 eadem
209 1316 289 1374 Joris
298 1317 395 1392 optimi
409 1317 540 1374 maximi:
554 1337 629 1376 sacra
638 1319 665 1376 in
673 1319 753 1376 ruina
765 1339 855 1377 rerum
866 1333 1021 1380 nostrarum

78 1404 86 1430 ⁴
100 1397 154 1454 alia
167 1409 258 1454 terrae
272 1397 421 1454 celavimus
431 1397 451 1461 ²,
472 1397 532 1464 alia,
547 1409 642 1455 avecta
655 1399 682 1454 in
697 1399 826 1456 finitimas
841 1402 930 1466 urbes,
944 1421 1020 1460 auro·

79 1485 87 1510 ‘
101 1475 192 1534 vimus
206 1477 241 1533 ab
254 1474 376 1532 huetium
390 1476 485 1534 oculis.
525 1475 652 1534 Deorum
665 1478 780 1544 cultum,
795 1480 896 1536 deserti
909 1479 944 1538 ab
956 1481 1021 1540 Diis

79 1555 324 1630 ‘hominibusque
345 1568 436 1612 temen
451 1575 506 1612 uou
519 1556 724 1614 intermisimus.
765 1558 923 1616 Reddidere
936 1561 1021 1636 igitur

78 1643 86 1670 ⁴
100 1635 229 1711 patriam,
243 1647 273 1692 et
285 1635 435 1701 victoriam,
450 1648 478 1692 et
491 1636 633 1710 antiquum
648 1636 712 1694 belli
726 1638 810 1696 decus
823 1638 970 1696 amissum:
991 1655 1020 1698 et

78 1721 86 1748 ‘
99 1715 126 1772 iu
140 1713 246 1780 hostes,
261 1715 308 1792 qui
318 1713 392 1771 caeci
405 1715 518 1772 avaritia
531 1715 559 1772 in
573 1716 694 1790 pondere
707 1717 766 1774 auri
778 1718 876 1774 foedus
889 1738 922 1776 ao
935 1720 1018 1777 fidem

77 1795 265 1858 ‘fefellerunt
280 1805 421 1850 verterunt
434 1807 564 1850 terrorem
578 1795 725 1870 fugamque
739 1808 768 1852 et
780 1797 902 1854 caedem.

115 1873 185 1930 LII.
207 1883 215 1907 ⁴
230 1871 312 1930 Haec
324 1873 392 1930 culti
408 1873 581 1947 neglectique
594 1874 713 1930 numinis
728 1887 803 1932 tanta
817 1875 1016 1934 monumenta³

77 1958 84 1985 ‘
98 1952 128 2008 iu
142 1954 227 2009 rebus
240 1950 366 2009 humanis
380 1964 532 2017 cernentes,
546 1953 645 2026 ecquid
658 1953 774 2018 sentitis,
786 1954 918 2022 Quirites,
932 1973 1017 2028 quau·

77 2039 84 2066 ‘
99 2045 162 2090 tum
176 2032 290 2088 vixdum
304 2051 320 2088 e
333 2031 480 2105 naufragiis
494 2031 591 2107 prioris
605 2033 702 2108 culpae
716 2032 855 2106 cladisque
876 2053 1017 2108 emergen-

77 2119 84 2145 ‘
99 2124 143 2168 tes
156 2130 286 2188 paremus
299 2111 374 2167 nefas
385 2110 398 2167 i
422 2111 526 2169 Urbem
540 2111 680 2186 auspicato
693 2111 909 2186 inauguratoque
923 2114 1017 2170 condi-

75 2198 84 2224 ‘
98 2203 157 2248 tam
172 2189 324 2248 habemuse
344 2190 435 2246 nullus
454 2190 531 2246 locus
544 2189 573 2246 in
587 2191 620 2246 eis
632 2209 688 2248 uon
701 2191 862 2266 religionum
878 2191 1017 2248 Deorum·

77 2277 155 2346 ‘que
168 2283 213 2328 est
226 2270 340 2345 plenus:
362 2268 500 2326 sacrificiis
515 2269 673 2326 solennibus
693 2289 748 2326 non
768 2271 826 2328 dies
843 2272 930 2346 magis
943 2273 1015 2340 stati,

75 2357 84 2384 ‘
99 2349 185 2424 quiam
201 2349 261 2406 loca
273 2361 346 2417 sunt,
367 2349 396 2405 iu
410 2349 508 2423 quibus
522 2349 597 2406 liant.
638 2349 701 2406 Hm
715 2369 810 2406 omues
824 2349 911 2418 Deos,
928 2352 1016 2427 publi·

76 2437 148 2486 ‘oos
162 2428 350 2504 privatosque,
367 2427 498 2492 Quirites,
520 2428 654 2486 deserturi
675 2429 764 2486 estis?
785 2429 877 2492 Qubus
894 2449 943 2506 par·
957 2451 1021 2488 ves*

75 2515 83 2542 ¹
99 2519 174 2566 trum
189 2507 291 2564 factum
305 2520 348 2565 est
359 2505 380 2574 ⁴,
399 2508 476 2582 quod
491 2508 519 2562 in
532 2509 673 2566 obsidione
686 2529 774 2585 anper
786 2509 815 2566 iu
828 2509 938 2584 egregio
951 2507 1019 2568 edm¹

76 2587 222 2644 ‘lescsnte
236 2587 270 2645 C.
284 2586 377 2653 Fabio,
398 2607 454 2644 uon
467 2589 572 2644 minore
592 2587 712 2646 hostium
726 2588 913 2655 admiratione,
934 2588 1016 2663 quam

76 2673 84 2700 ‘
100 2667 201 2732 vestra,
222 2678 399 2742 conspectum
420 2682 479 2734 est;
498 2685 583 2739 quum
598 2668 668 2724 iuter
682 2667 789 2724 Gallica
805 2667 860 2724 tela
872 2667 1016 2742 degressus

76 2754 83 2779 ‘
99 2765 136 2802 ex
150 2765 213 2802 arce
227 2745 338 2802 solenne
353 2743 453 2802 Fabius
466 2746 555 2819 gentis
569 2747 598 2802 iu
611 2745 682 2803 colle
696 2746 833 2809 Quirinali
846 2745 936 2805 obiit?
970 2748 1017 2804 A'n

77 2833 84 2859 ‘
99 2824 238 2900 gentilitia
251 2843 376 2882 sacrans
389 2825 417 2880 iu
432 2824 504 2881 bello
518 2825 629 2899 quidem
642 2825 795 2890 intermitti,
817 2825 926 2900 publice
939 2846 1016 2887 saara

76 2912 84 2938 ‘
98 2917 129 2962 et
144 2903 372 2961 RomanosDeos
382 2904 464 2960 etiam
478 2906 506 2960 in
517 2923 584 2979 pace
594 2905 683 2962 deseri
695 2903 809 2979 placet?
830 2917 859 2960 et
872 2907 1015 2981 pontifices

75 2991 84 3018 ‘
98 2983 277 3059 flaminesque
286 2983 495 3058 negligentiores
504 2983 674 3060 publicarum
684 2983 844 3058 religionum
855 3004 922 3052 esse,
932 2984 1014 3060 quiam

77 3071 85 3097 ‘
99 3062 223 3140 privatus
236 3063 263 3118 in
274 3061 380 3119 solenni
390 3063 479 3138 gentis
492 3062 595 3119 fuerit?
618 3061 742 3119 Forsitan
750 3063 847 3138 aliquis
857 3064 939 3130 dicat,
950 3073 957 3098 ‘
967 3077 1016 3120 aut

76 3150 96 3178 “
112 3140 189 3218 Vejis
203 3160 236 3198 ea
245 3161 295 3198 nos
308 3142 436 3209 facturos,
450 3154 498 3198 aut
508 3141 563 3198 huc
572 3141 637 3198 iude
646 3143 776 3198 missuros
787 3143 942 3200 sacerdotes
952 3161 1015 3199 nos·

77 3229 95 3256 “
111 3233 178 3288 tros,
191 3221 239 3296 qui
252 3219 377 3278 faciant?
397 3240 513 3296 quorum
533 3233 662 3278 neutrum
677 3221 736 3277 fieri
755 3221 836 3278 salvis
854 3221 1016 3279 ceremoniis

77 3307 85 3335 ‘
99 3311 203 3378 potest.
236 3299 275 3356 Et
288 3320 323 3357 ne
334 3300 426 3358 omnia
435 3299 585 3376 generatim
594 3320 670 3357 sacre
680 3319 830 3377 omnesque
840 3319 1015 3377 percenseam

110 3413 118 3442 ¹
138 3412 183 3460 See
194 3427 218 3472 p.
233 3413 343 3468 33,'uote
357 3412 378 3460 1.
453 3413 463 3441 ¹
484 3417 571 3462 Terror
582 3417 665 3469 celare,
678 3427 709 3459 an
724 3412 830 3460 unusual
841 3409 1012 3464 construction,

77 3483 86 3510 ⁸
104 3482 136 3529 dn
147 3481 188 3527 the
198 3495 264 3527 same
276 3495 328 3541 way
338 3495 364 3526 as
375 3483 550 3534 documentum,
562 3495 589 3528 aa
600 3491 787 3542 monumentum,
798 3495 844 3540 any
856 3478 925 3540 thing
937 3477 1025 3530 which-

76 3563 162 3598 wsrns.
232 3545 392 3611 ⁴Supplyes'·
430 3547 752 3598 Thesentenceisirouioal.
1018 3565 1022 3577 ¹
