2232 3862
447 243 570 303 LIBER
591 241 632 302 ΙΙ.
954 245 989 304 'll

195 401 221 462 L
242 403 382 462 LIBERI
390 402 448 480 jam
462 401 526 461 hinc
538 400 634 478 populi
648 399 767 458 Romani
780 419 831 468 res,
851 419 919 479 paca
932 402 991 460 bel·

63 488 82 523 l·
93 487 115 554 9·
154 483 242 558 loque
261 496 359 560 gestes,
383 501 489 540 annuos
508 481 690 556 magistratus,
709 480 875 556 imperiaque
889 481 990 557 legum,

61 542 112 590 ²¹¹³
156 563 315 638 potentiore
333 560 416 638 quim
436 560 587 627 hominum,
606 578 743 634 perugnm.
783 559 861 623 Quae
881 560 991 618 libertus

61 654 92 699 ut
100 641 199 699 laetior
211 653 294 710 esset,
305 640 422 717 proximi
434 640 506 715 regis
518 638 645 714 superbis
657 638 766 696 lecerat.
807 638 879 696 Nam
887 639 991 716 priores

61 721 97 778 its
113 721 274 796 regnirunt,
291 732 323 776 ut
341 719 415 778 baud
434 717 571 776 immerito
587 735 682 774 omnes
695 716 823 792 deinceps
836 719 991 776 conditores

60 799 178 875 partium
197 801 275 857 certe
287 798 370 865 urbis,
385 817 452 873 quas
465 815 549 854 novas
562 795 615 872 ipsi
627 795 707 852 sedes
720 795 754 852 ab
767 815 797 852 se
810 808 906 854 auctae
919 798 991 854 mul·

61 879 169 935 titudini
192 877 358 948 addiderunt
367 875 386 944 ¹,
411 886 604 934 numerentur:
630 893 720 948 nequo
743 875 897 949 ambigitur,
924 877 991 951 quin

61 956 162 1014 Brutus
182 956 268 1025 idem,
288 957 336 1031 qui
354 967 461 1013 tantum
474 955 584 1030 gloriae,
600 952 724 1028 Superbo
737 966 835 1010 exacto
847 973 920 1029 rege,
933 974 991 1014 ιιιο·

61 1036 121 1103 ruit,
137 1035 260 1112 pessimo
281 1034 413 1112 publico²
432 1034 462 1090 id
473 1034 594 1091 facturus
606 1031 698 1100 fuerit,
716 1032 740 1088 si
753 1031 883 1090 libertatis
896 1033 991 1092 imma·

62 1128 134 1172 turae
154 1114 290 1190 cupidine
314 1113 436 1191 priorum
462 1131 558 1188 regum
584 1110 665 1168 alicui
684 1130 799 1186 regnum
826 1112 991 1170 extorsisset.

63 1193 133 1256 Quid
157 1193 235 1250 enim
252 1193 377 1249 futurum
396 1191 457 1256 fuit,
477 1191 502 1248 si
527 1190 574 1246 illa
592 1201 732 1266 pastorum
755 1209 992 1266 convenarumque

62 1271 142 1346 plebs,
166 1271 307 1346 transfuga
326 1291 362 1328 ex
380 1272 437 1327 suis
456 1269 573 1345 populis,
594 1267 646 1326 sub
659 1269 746 1326 tuteli
758 1268 880 1326 inviolati
896 1271 993 1346 templi

61 1362 112 1407 aut
123 1351 290 1417 libertatem,
310 1363 358 1407 aut
377 1350 452 1406 certis
470 1347 670 1423 impunitatem,
690 1348 798 1422 adepta,
815 1347 904 1406 solutu
916 1349 992 1424 regio

62 1441 142 1496 metu,
157 1429 256 1504 egitari
270 1440 368 1504 coepte
380 1425 473 1485 esset³
486 1424 640 1484 tribuniciis
652 1427 801 1499 procellis?
822 1441 850 1485 et
863 1427 892 1484 in
904 1427 992 1486 alieni

24 1535 27 1542 ·
61 1509 123 1564 urbe
136 1527 203 1566 cum
219 1507 347 1564 Patribus
360 1525 450 1564 serere
463 1503 618 1570 certamina,
629 1503 703 1578 priris
713 1503 795 1578 quim
805 1506 919 1580 pignora
928 1526 993 1565 con·

56 1589 150 1662 jugum
165 1605 199 1644 ao
212 1585 371 1652 libemmm,
385 1584 537 1658 caritasque
549 1583 635 1658 ipsius
648 1582 708 1648 soli,
721 1585 766 1639 cni
779 1583 861 1659 longo
869 1597 992 1663 tempora

60 1665 232 1732 assuescitur,
247 1664 353 1722 animos
366 1682 461 1720 eorum
474 1661 678 1720 ooasociisset?
699 1660 855 1738 Dissiputue
868 1683 912 1722 res
925 1683 993 1722 non·

60 1744 122 1800 dum
142 1743 256 1800 adultae
276 1742 412 1800 discordiis
427 1742 532 1798 forent:
553 1758 620 1814 quas
633 1739 700 1796 sarit
714 1742 857 1816 tranquilla
868 1745 993 1802 modela-

60 1819 96 1878 tio
109 1821 229 1899 imperii,
243 1823 333 1896 ebque
346 1820 492 1878 nutriendo
501 1817 638 1895 perduxit,
649 1829 681 1875 ut
689 1820 786 1876 bonam
797 1822 902 1896 frugem
913 1823 993 1880 liber·

60 1902 120 1958 tatis
140 1901 257 1958 maturis
275 1900 335 1975 jam
354 1899 456 1956 viribus
474 1899 544 1955 ferre
570 1909 690 1974 possent.
729 1897 878 1957 Libertatis
900 1914 993 1959 autem

59 1980 189 2056 originem
201 1979 267 2036 inde
277 1977 373 2052 magis,
384 1977 448 2052 quia
457 1995 579 2034 annuum
589 1976 733 2052 imperium
742 1979 881 2036 consulare
889 1979 992 2036 iactum

59 2071 105 2124 cst,
120 2058 206 2133 quium
220 2058 297 2133 quod
316 2057 488 2114 deminutum
502 2055 648 2130 quicquum
662 2054 699 2111 sit
712 2074 747 2111 ex
760 2057 835 2131 regii
847 2069 992 2132 potestate,

59 2155 184 2194 numeres
194 2135 217 2192 ⁴.
239 2133 992 2212 Omniajnra,omnieinsigniaprimiconsulentenuare.

59 2214 90 2271 Id
103 2217 189 2274 medo
203 2227 317 2274 cnutum
330 2227 381 2282 est,
395 2234 439 2282 ne,
453 2213 476 2270 si
489 2212 571 2271 umbo
584 2213 671 2270 fasces
684 2211 823 2282 haberent,
838 2215 991 2291 duplicetus

59 2305 143 2352 terror
156 2295 307 2352 rideretur.
347 2293 451 2352 Brutus
469 2293 542 2368 prior
551 2290 573 2358 ⁵,
595 2291 763 2349 concedente
780 2293 893 2370 collegi,
907 2295 993 2354 fasces

58 2371 168 2430 babuit:
190 2373 240 2447 qui
252 2393 308 2430 nen
321 2372 409 2430 acrior
421 2372 522 2436 vindex
534 2370 667 2428 libertatis
679 2371 776 2440 fuerat
797 2372 878 2448 quim
893 2375 993 2434 deinde

58 2464 149 2509 custos
170 2452 234 2508 fuit.
275 2451 408 2508 Omnium
428 2450 547 2527 primum
564 2449 674 2506 avidum
694 2469 780 2508 novae
796 2453 927 2512 libertatis
943 2475 993 2531 po·

57 2531 162 2604 pulum,
178 2550 214 2588 ne
227 2531 413 2607 postmodnm,
427 2529 502 2588 flecti
513 2529 640 2604 precibus
653 2541 701 2586 aut
714 2530 792 2587 donis
800 2533 882 2608 regiis
891 2547 991 2611 posset,

52 2607 234 2686 jurejurando
248 2609 349 2684 adegit,
363 2609 499 2666 neminem
515 2607 622 2665 Romae
636 2628 763 2685 passuros
772 2629 893 2686 regnare.
932 2612 991 2671 De·

55 2687 127 2754 inde,
149 2689 208 2763 qud
228 2689 289 2762 plus
303 2687 401 2744 virium
422 2687 451 2744 in
467 2699 564 2744 senatu
577 2687 729 2762 frequentia
741 2689 824 2746 etiam
838 2692 940 2750 ordinis
952 2695 993 2751 fu·

55 2779 139 2836 oeret,
154 2766 288 2825 caedibus
301 2767 373 2842 regis
386 2766 559 2824 deminutum
573 2765 686 2824 Parrum
700 2786 854 2839 numerum,
868 2772 993 2848 primori·

88 2913 94 2940 ¹
117 2918 192 2972 Quos,
203 2915 247 2977 de.
285 2915 353 2970 Quas
366 2925 444 2976 partes
460 2928 533 2960 novas
549 2912 596 2974 ipsi
612 2912 756 2962 sddiderrrnt
766 2914 833 2963 sedes
843 2917 993 2966 multitudini

54 2988 138 3028 auctae
155 2983 188 3030 ab
204 2997 238 3028 se.
307 2981 317 3010 ⁸
337 2985 437 3031 Pessima
451 2984 551 3044 publice.
590 2981 614 3028 A
636 2981 744 3044 singular
761 2985 903 3044 expression.
941 2988 994 3036 'l'lne

54 3048 151 3105 phrases
170 3051 255 3098 benum
269 3051 400 3111 publicam,
416 3053 509 3099 malam
516 3051 645 3111 publicam,
657 3065 696 3096 are
705 3049 771 3112 quite
782 3051 901 3116 familiam
919 3056 994 3103 hence

50 3119 152 3174 pessime
168 3119 269 3178 publice,
287 3115 345 3162 with
362 3118 401 3164 the
411 3125 483 3164 worst
498 3131 673 3178 consequencss
685 3127 710 3164 tu
722 3117 761 3164 the
771 3127 838 3167 state.
923 3123 994 3172 'See

54 3197 77 3239 p.
92 3180 133 3238 45,
147 3192 205 3230 note
218 3183 241 3232 3
299 3183 309 3212 ⁴
323 3187 391 3243 Quia,
402 3183 514 3232 followed
525 3185 556 3245 by
568 3185 607 3231 the
617 3183 855 3250 indicetirs,factum
865 3200 898 3240 ert
905 3213 914 3246 ‚-
931 3196 994 3255 quod

56 3249 87 3308 by
95 3250 136 3296 tlte
148 3249 309 3314 subjunctive,
321 3255 465 3302 diminutum
478 3257 515 3302 sit·
544 3253 595 3300 The
603 3267 685 3300 resson
698 3268 773 3300 seems
784 3265 809 3302 to
820 3258 856 3316 be,
869 3258 919 3305 that
933 3259 994 3320 Livy

57 3314 161 3374 himself,
174 3317 200 3364 in
211 3319 252 3366 the
263 3317 343 3366 clause
354 3319 495 3368 introduced
506 3321 539 3382 by
549 3323 613 3384 qaia,
625 3329 704 3376 stutes,
716 3339 747 3370 err
757 3325 792 3371 iris
804 3341 855 3373 own
866 3329 992 3389 authority,

60 3397 73 3426 a
83 3382 132 3430 taes
142 3401 170 3432 as
180 3385 269 3432 certain
278 3404 286 3444 ;
304 3385 329 3432 in
341 3388 391 3434 tbat
402 3387 543 3436 introduced
554 3390 585 3448 by
596 3392 666 3450 qued,
679 3389 718 3434 the
724 3393 822 3450 possible
832 3397 956 3453 reasoning
970 3395 999 3453 «ff

60 3455 165 3508 another,
177 3452 254 3499 which
268 3453 299 3500 be
309 3453 447 3502 afterwards
457 3452 604 3502 inrelidstss.
643 3457 709 3509 Quia.
722 3457 836 3515 because,
854 3461 921 3520 quod,
933 3459 990 3506 rust

127 3520 137 3548 ⁵
157 3519 271 3567 Consulis
281 3520 409 3582 imperium
420 3522 459 3570 hic
466 3525 559 3586 prrimas
567 3535 693 3582 saevasque
703 3536 805 3568 secures.

157 3585 275 3648 Accipiet.
644 3587 749 3644 Vrnora,
762 3587 791 3634 vi.
806 3585 863 3634 819.
