2232 3862
108 255 129 313 8
497 253 531 312 Τ.
552 253 652 312 LIVII

108 411 314 488 pastoribusque
332 419 408 487 rapte
422 409 557 470 divideret
576 423 684 469 etcum
705 408 756 478 bis,
777 420 915 468 crescente
933 409 961 466 in
980 409 1047 467 dies

108 511 190 568 grege
198 491 340 568 juvenum,
354 490 424 548 serie
437 510 469 548 ec
479 490 556 568 jocos
570 491 712 548 celebrere.
738 516 755 541 ν
1113 489 1114 496 ’

148 571 183 628 V.
197 568 361 629 ‘Jumturul
376 570 407 626 in
419 570 542 628 Palatino
556 581 653 628 monte
659 568 794 646 Lupercal
808 569 864 628 hoc
873 568 957 625 fuisse
969 567 1050 624 ludi-

108 657 116 685 ‘
130 649 214 709 crum’
224 650 324 717 ierunt,
341 655 352 706 ‘A
360 661 414 706 eta
425 649 574 716 Pallanteo,
585 651 652 706 urbe
663 650 808 716 Arcadico,
821 647 985 707 Pallentiunr
994 645 1049 703 de·

107 729 193 788 ‘inde
208 727 352 796 Palatium,
373 740 494 788 montem
508 729 683 804 appellatum.
722 729 766 786 lbi
781 725 956 794 Evandrum,’
976 725 1048 804 (qui
1112 781 1114 804 ὲ

106 829 141 866 err
155 828 188 868 eo
201 827 300 883 genere
315 808 456 866 Arcadum
467 809 562 885 multis
573 810 637 865 antii
649 808 859 884 tempestatibus
871 826 905 864 ee
916 817 1051 862 tenuerat

71 923 74 936 ·
106 889 190 964 locet)
212 895 220 922 ⁴
233 888 344 946 solenne
357 887 468 944 allatum
482 907 517 944 ex
531 887 652 944 Arcadiis
664 886 873 954 instituisse,.ut
885 886 953 942 nudi
962 883 1047 960 jure-

107 975 185 1034 ‘nos
205 965 329 1043 Lyceum
345 967 421 1024 Pena
433 979 603 1034 venerantes,
623 985 672 1042 per
690 967 783 1022 lusum
800 974 883 1041 etque
903 963 1044 1021 lascivium

107 1053 115 1080 ‘
129 1059 268 1104 currerent
276 1045 290 1112 ;'
311 1065 394 1121 quem
408 1044 527 1103 Romsni
540 1046 639 1103 deinde
652 1045 784 1102 vocbrunt
797 1046 906 1102 Inuum.
942 1049 949 1094 l
965 1041 1061 1110 Huic,

107 1133 114 1160 ‘
129 1125 228 1184 deditis
239 1124 352 1192 ludicro,
364 1143 449 1199 quum
460 1125 571 1182 solenne
581 1136 678 1180 notum
689 1135 769 1190 esset,
780 1123 923 1180 insidiatos
930 1122 965 1179 ob
973 1121 1046 1178 irem

107 1212 119 1254 ‘.
129 1205 244 1280 praedae
258 1204 372 1264 emissae
386 1204 514 1271 latrones,
527 1223 612 1278 quum
628 1203 764 1259 Romulus
778 1203 805 1258 ri
822 1222 851 1258 se
866 1200 1044 1267 defendisset,

107 1291 114 1318 ‘
130 1285 248 1342 Remum
264 1273 384 1358 cepisse;
404 1293 514 1357 ceptum
529 1281 587 1356 regi
608 1281 723 1337 Amulio
737 1281 890 1346 tradidisse,
911 1281 984 1336 ultrb
997 1299 1047 1336 ec-

92 1370 114 1436 ,f
128 1360 270 1424 cusentes?
313 1359 428 1418 Crimini
446 1360 562 1416 maxime
577 1361 707 1428 debent²‚
729 1361 779 1416 ‘in
796 1359 948 1416 Numitoris
960 1377 1048 1433 egros

106 1445 161 1500 ‘eb
175 1441 216 1519 bis
230 1441 363 1516 impetum
378 1439 453 1496 fieri:
470 1439 534 1496 iude
545 1458 601 1505 eos,
612 1439 727 1496 collecti
732 1439 864 1516 juvenum
876 1457 967 1504 manu,
978 1437 1047 1494 bos·
1111 1457 1114 1462 ⁴

106 1522 203 1582 ‘utrem
221 1519 249 1578 in
270 1520 383 1576 modum
397 1519 510 1596 praedes
523 1515 620 1593 egere!
663 1519 709 1576 Sic
724 1519 864 1576 Numitori
883 1518 917 1574 ed
937 1517 1046 1593 suppli-

106 1601 177 1658 cium
191 1599 297 1659 Remus
312 1598 429 1658 deditur.
462 1597 525 1656 Jum
539 1595 626 1654 inde³
640 1599 673 1654 ab
687 1598 765 1655 initio
780 1597 910 1654 Faustulo
923 1616 986 1672 spes
1000 1597 1050 1652 fur-1

105 1692 172 1748 erat,
195 1678 297 1753 regiam
322 1677 433 1752 stirpem
454 1676 527 1753 epud
546 1696 576 1734 se
596 1677 722 1744 educeri;
745 1697 809 1734 uem
830 1684 838 1711 ‘
856 1689 884 1733 et
903 1675 1049 1752 expositos

108 1768 114 1793 ‘
123 1757 205 1834 jussu
217 1757 289 1832 regis
303 1755 426 1814 infantes’
441 1756 552 1823 sciebat,
570 1762 617 1814 ‘et
626 1768 744 1832 tempus,
759 1776 814 1832 quo
824 1757 883 1832 ipse
893 1775 940 1812 sos
950 1766 1047 1813 sustu-

106 1846 119 1872 ‘'
129 1839 213 1906 iisset,
227 1837 261 1897 ad
275 1836 304 1892 id
318 1835 407 1912 ipsum
421 1855 570 1910 congruere
579 1835 594 1902 ;’
610 1836 659 1892 sed
670 1856 726 1894 rem
738 1836 920 1904 immaturam,
931 1835 983 1892 nisi
993 1846 1050 1890 eut

106 1938 155 1993 per
168 1917 348 1982 occasionem,
369 1926 417 1972 eut
434 1935 483 1990 per·
495 1915 685 1972 necessitatem
700 1915 942 1992 operiri-noluerat.
983 1913 1046 1970 Ne-

93 1997 218 2068 „cessites
230 1997 304 2073 prior
317 1995 400 2054 venit.
440 1993 483 2050 Iter
496 1999 573 2052 metu'
586 1995 724 2062 subactus,
741 1991 861 2051 Romulo
874 2011 931 2050 rem
945 1992 1047 2068 sperit.

107 2072 231 2137 Forteet
246 2073 394 2142 Numitori,
409 2093 494 2149 quum
507 2071 536 2130 irr
550 2073 674 2130 custodie
685 2075 805 2132 Remum
817 2073 936 2140 heberet,
951 2067 1066 2128 nudis-''
1113 2107 1114 2116 r

106 2169 202 2231 setque
216 2155 338 2230 geminos
352 2173 411 2210 esse
422 2154 525 2216 fratres,
537 2154 719 2228 competendo
730 2165 758 2209 et
768 2165 884 2210 aetatem
895 2169 1000 2217 eorum,
1016 2164 1049 2207 et

107 2237 193 2310 ipsein
208 2233 320 2292 minime
336 2232 462 2289 servilem
479 2232 609 2298 indolem,
630 2233 758 2307 tetigerat
774 2233 894 2289 animum
908 2231 1048 2298 memoria
1113 2255 1114 2270 r

108 2325 255 2389 nepotum:
273 2311 490 2385 sciscitandoque
503 2308 537 2367 eri
548 2313 659 2369 ‹lomum
671 2312 803 2388 pervenit,
815 2323 847 2366 ut
860 2309 933 2366 houd
946 2310 1047 2384 procul
1113 2311 1114 2318 ’

107 2405 188 2460 esset,
202 2391 268 2466 quin
283 2391 403 2446 Remum
417 2403 584 2464 agnosceret.
624 2390 668 2448 Ita
681 2391 803 2464 undique
816 2389 877 2464 rogi
886 2389 966 2445 dolus
980 2407 1047 2443 nec·

107 2474 182 2530 titur.
213 2469 358 2536 Romulus,
373 2488 427 2526 non
442 2489 505 2526 cum
519 2469 601 2544 globo
610 2468 753 2544 juvenum,
769 2471 836 2544 (nec
850 2469 923 2526 enirn
935 2477 996 2524 ¹oret
1009 2467 1045 2522 ad

107 2553 161 2613 rim
171 2561 293 2627 opertam
303 2545 376 2624 peu)
387 2548 436 2604 sed
449 2548 508 2604 aliis
521 2549 575 2606 elio
584 2549 681 2606 itinere
690 2547 775 2624 jussis
786 2559 861 2606 certo
871 2560 995 2622 tempore
1008 2546 1047 2600 ed

107 2632 208 2707 regiam
223 2629 314 2686 venire
328 2627 490 2702 pastoribus,
504 2629 539 2685 sd
549 2648 641 2703 regem
652 2628 787 2704 impetum
796 2629 877 2685 fecit:
894 2640 923 2682 et
935 2647 951 2684 e
961 2626 1047 2681 domo

109 2709 263 2772 Numitoris
276 2707 329 2764 sliri
342 2707 499 2782 comparetis
512 2727 594 2764 menn
608 2707 719 2784 adjuvat
733 2709 848 2765 Remus.
888 2706 933 2762 Ite
951 2723 1045 2780 regem

109 2793 288 2853 obtruncant..

147 2869 197 2926 VI.
219 2865 357 2933 Numitor,
378 2866 449 2924 inter
468 2866 585 2942 primurn
604 2867 754 2924 tumultum
778 2865 893 2923 ‘hostes
915 2864 1048 2922 invasisse
1113 2893 1114 2914 1

108 2950 224 3010 ‘urbem
246 2958 328 3021 atque
348 2946 458 3002 adortos
477 2945 588 3022 regiem’
606 2946 742 3012 dictitans,
764 2963 848 3021 quum
870 2945 972 3021 pubem
993 2943 1045 2999 Al·
1113 3017 1114 3020 Ἴ

106 3033 205 3092 benum
223 3029 250 3084 in
269 3042 359 3086 urcem
374 3025 508 3101 praesidio
528 3026 664 3100 armisque
683 3025 858 3082 obtinendem
880 3021 1045 3088 avocbssed,
1113 3021 1114 3082 l

107 3121 284 3186 posteaquem
296 3105 424 3181 juvenes,
446 3105 601 3181 perpetretis
617 3106 709 3172 caede,
724 3125 838 3181 pergere
855 3105 890 3162 ed
906 3123 940 3160 se
953 3113 1045 3176 grutu-
1113 3101 1114 3104 ’

106 3192 193 3248 lantes
207 3186 284 3254 vidit,
298 3184 437 3260 externplo
447 3185 579 3242 advocato
589 3185 713 3252 concilio,
734 3185 854 3241 ‘scelera
864 3184 893 3239 in
903 3201 933 3240 se
947 3181 1046 3246 fratris,
1113 3209 1114 3224 κ

139 3330 288 3381 ‘damtune
316 3325 667 3388 Evenatthutearlyperiod.
703 3329 884 3388 anereulboc.
911 3326 1047 3389 ‘'Thefese

107 3404 115 3431 ‘
127 3399 181 3448 tirel
196 3396 273 3446 called
283 3393 405 3454 Lupercal
416 3393 444 3440 of
451 3395 491 3440 the
503 3404 600 3454 present
612 3395 707 3451 times;’
723 3395 761 3440 Dr
773 3393 900 3442 HUN'ren.
958 3395 968 3422 ²
981 3395 1044 3441 Note

105 3469 152 3515 tbis
169 3466 252 3520 idiom.
317 3461 333 3517 ,³
346 3463 389 3508 See
401 3476 425 3521 p.
439 3461 461 3508 5.
476 3471 533 3510 note
546 3462 568 3508 3.
644 3462 903 3526 ⁴Quumpnbem30.
943 3463 1045 3525 Heving

104 3535 246 3582 withdrawn
258 3533 320 3580 from
333 3529 445 3590 assisting
460 3529 501 3576 the
512 3542 622 3592 usprpsr,
636 3529 676 3577 the
693 3529 774 3577 Alban
793 3532 878 3594 youth,
892 3529 971 3577 under
991 3547 1043 3592 pro·
1113 3527 1114 3576 i

105 3619 175 3657 tenco
187 3603 216 3650 of
225 3599 360 3661 defending
371 3599 411 3644 the
424 3597 513 3645 citadel
523 3600 555 3660 by
567 3597 648 3646 urmcd
661 3608 752 3660 troops.
