2232 3862
3 591 6 710 ι

433 243 558 304 LIBER
578 241 602 302 1.
895 227 900 234 “
948 245 986 300 ιι

51 407 116 458 ‘non
137 413 255 460 motam
276 400 400 461 Termini
416 403 519 473 sedem,
539 421 680 479 unumque
700 421 764 460 eum
785 403 911 462 Deorum
931 419 988 458 non

52 487 217 539 ‘evocatum
231 483 345 540 secretis
358 483 410 540 sibi
423 483 532 553 linibus,
547 483 626 540 firma
638 482 837 559 stabiliaque
811 493 911 540 cuncta
923 499 986 558 por·

48 561 199 618 ‘ltendere
225 561 292 620 Hoc
302 547 987 638 perpetuitatisauspicioaccepto‚secuiumaliud,

47 639 292 714 magnitudinem
284 641 392 738 imperii
411 642 586 718 portendens,
606 640 762 718 prodigium
780 654 831 698 est.
872 639 987 716 ‘Caput

47 716 242 776 ίἸιιιιιιιιιιιιιιι
233 719 422 796 integrauere
434 720 618 797 aperientibus
637 719 814 777 fundamenta
827 717 931 796 templi'
945 718 987 774 di·

47 795 132 852 uitur‘
149 797 334 874 apparuisse!
373 799 454 863 Quae
473 799 532 857 risa
550 799 664 875 species,
685 797 759 855 baud
780 817 829 874 per
849 799 986 873 ambages,

47 893 128 932 arcem
144 895 213 934 eam
226 877 336 954 imperii
349 889 485 954 caputque
498 897 590 935 rerum
603 879 660 935 lore
669 877 858 953 portendebat.
897 875 987 952 idque

48 953 78 1010 ita
89 955 224 1012 cecinere
238 967 322 1026 rates,
337 957 440 1032 quique
453 957 482 1014 in
492 959 559 1014 urbe
569 967 655 1026 erant,
666 975 790 1032 quosque
799 957 834 1014 ad
844 973 905 1013 earn
918 975 986 1023 rem,

48 1033 254 1092 mnsuitandam
268 1055 304 1092 ex
319 1035 431 1093 Etruria
447 1035 610 1094 acciverant.
650 1035 815 1110 Augebatur
832 1034 888 1092 ed'
881 1053 988 1111 impen-

48 1129 84 1168 sae
96 1113 174 1188 regis
188 1114 307 1171 animus.
346 1114 445 1190 Itaque
462 1113 640 1172 Ριιιιιιὶιιιιι
660 1114 814 1182 manubiae,
835 1131 905 1188 quae
925 1131 988 1188 per·

48 1191 172 1248 ducendo
185 1192 222 1249 ad
236 1193 345 1250 culmen
358 1213 435 1270 operi
426 1195 599 1252 destinatae
613 1204 698 1261 erant,
709 1193 756 1250 rix
769 1193 797 1249 iu
809 1193 989 1249 fundamenta

48 1271 266 1347 suppeditavere.
293 1271 337 1329 Eo
350 1273 437 1348 magis
452 1272 547 1341 Fabio,
560 1284 750 1349 praeterquam
765 1271 840 1348 qnod
850 1269 987 1345 antiquior

49 1362 98 1442 ιιι,ι
104 1349 285 1418 crediderim,
297 1347 478 1428 quadraginta
490 1371 523 1410 eu
536 1351 594 1409 sola
603 1351 725 1409 talenta²
738 1351 831 1419 fuisse,
846 1348 927 1425 quim
941 1349 987 1406 Pi-

48 1429 109 1497 soni,
130 1447 182 1504 qur
174 1429 376 1506 'quadraginta
392 1431 477 1488 millia
489 1431 582 1507 pondo
599 1428 724 1507 argenti⁸
744 1429 864 1507 seposita
879 1428 909 1485 in
924 1447 986 1486 eam

48 1525 99 1563 rem
112 1507 220 1577 scribit,
234 1526 369 1568 summam
380 1509 511 1586 pecuniae
519 1527 609 1584 neque
619 1529 654 1568 ex
663 1509 745 1567 unius
754 1521 814 1567 tum
824 1508 900 1566 urbis
908 1527 987 1584 prae·

49 1585 267 1662 disparandam,
286 1599 316 1645 et
332 1588 442 1657 nullius,
462 1607 497 1646 ne
517 1587 616 1646 horum
636 1589 747 1664 quidem
768 1587 986 1664 magnificentiae

49 1683 167 1800 opirri'lil’
170 1665 713 1844 ididdilddnddrdgiisdddutldinriridfidirris
722 1745 844 1822 undique
854 1765 890 1804 ex
901 1745 986 1803 Etru-

49 1822 86 1878 rii
99 1824 203 1892 accitis,
225 1843 282 1880 non
300 1825 418 1902 pecuniis
437 1825 526 1882 solirm
546 1826 581 1882 ad
601 1825 630 1882 id
650 1825 759 1902 publici
778 1839 821 1883 est
839 1845 914 1893 usus,
935 1824 986 1880 sed

50 1903 133 1992 operis
146 1905 232 1961 etiem
247 1903 384 1980 explebe.
412 1903 469 1968 Qui
482 1923 577 1979 quum,
591 1903 665 1961 hand
678 1923 778 1980 parvus
791 1905 901 1981 etipse,
915 1902 987 1959 mili-

50 1981 101 2042 tiue
111 1983 263 2040 adderetur
271 1983 354 2050 labor,
367 1983 457 2040 minis
470 1995 562 2041 temen
572 1983 650 2060 plebs
660 1984 829 2058 gravabatur,
843 2001 874 2040 se
883 1981 987 2057 templa

51 2047 140 2117 Detln
153 2061 337 2154 exaedificare
350 2062 475 2120 manibus
488 2061 562 2120 suist
579 2080 650 2136 quae
662 2060 776 2136 posthac
788 2073 817 2118 et
830 2060 939 2125 adalia,
953 2072 986 2114 ιιι

52 2139 134 2274 'ill‘
147 2141 287 2275 milii·
291 2137 986 2277 llllillliilt’lillll‘lil‘

53 2217 651 2374 uduldiaisomniddrcdudgcddilenisdrdrdaurbig
662 2299 714 2354 sub
723 2308 823 2356 terram
833 2216 984 2373 agindadir

53 2375 141 2448 quibus
153 2377 266 2435 duobus
279 2377 407 2454 operibus
415 2378 461 2434 rix
470 2397 542 2436 nora
550 2376 618 2435 baec
628 2376 829 2454 magnificentia
838 2377 986 2454 quicquam

52 2503 169 2564 expressed
189 2503 253 2552 their
272 2503 371 2552 wonder
389 2504 440 2551 that
463 2503 528 2566 Livy
546 2502 603 2552 does
623 2512 666 2552 not
685 2503 733 2552 add
751 2508 937 2568 haeremusque,
959 2524 985 2554 as

54 2571 96 2617 that
105 2571 210 2634 goddess
227 2571 249 2618 is
261 2571 346 2634 joined
357 2571 415 2618 with
430 2575 556 2622 Terminus
572 2571 598 2618 in
615 2574 655 2619 the
671 2571 782 2632 epitome,
800 2589 827 2620 as
838 2572 893 2619 well
910 2589 936 2620 ae
952 2577 985 2637 by

55 2637 179 2701 Dionysius
196 2637 247 2686 and
261 2639 320 2701 Livy
331 2637 432 2686 himself
444 2639 510 2686 inv.
522 2637 562 2690 54.
602 2639 712 2699 Ruperti,
730 2653 790 2687 even
801 2640 826 2686 in
837 2655 869 2688 su
880 2641 985 2702 epitome

54 2703 123 2752 drawn
135 2723 171 2768 up
182 2709 215 2768 by
226 2705 330 2763 himself,
342 2706 380 2752 ior
390 2707 430 2753 the
441 2721 545 2768 purpose
556 2705 585 2753 oi'
592 2705 733 2769 remedying
744 2707 784 2755 the
794 2706 885 2755 delecte
896 2708 926 2755 σι’
933 2711 985 2758 that

53 2775 180 2836 commonly
193 2773 336 2834 prefixedto
347 2774 387 2820 tlre
398 2773 473 2821 books
484 2775 513 2822 σι’
527 2773 598 2836 Livy,
609 2773 698 2822 remins
707 2775 826 2822 ιιιιιιιιιι
837 2774 866 2822 ol’
873 2776 984 2840 thegod-

54 2838 98 2887 dsm
107 2846 234 2901 Juoentus,
246 2857 272 2888 ιι
283 2841 305 2888 is
312 2840 451 2890 mentioned
462 2842 526 2890 here.
553 2841 635 2890 There
645 2857 722 2890 seems
733 2851 758 2888 to
766 2843 796 2888 be
807 2857 839 2890 no
850 2857 933 2892 resson
946 2847 990 2894 for

52 2907 206 2970 besurprise,
219 2907 469 2958 ortbeemendation.
501 2909 701 2972 Iivy’sobject,'
694 2907 853 2974 rnadducing
864 2911 985 2960 thereeis-

52 2982 111 3024 ιιιιι
121 2977 150 3025 oi
160 2975 319 3032 Terminus,
312 2990 333 3024 ts
344 2985 369 3023 to
381 2977 443 3023 shew
455 2978 495 3024 the
506 2977 626 3024 inference
637 2975 719 3024 drawn
729 2975 809 3024 from
802 2986 821 3024 rt
829 2977 887 3024 with
897 2995 923 3028 re
924 2980 985 3043 gard

51 3043 236 3108 totbeetability
246 3043 323 3092 oftbe
336 3043 432 3104 empire.
460 3043 842 3104 WitbthisomenJuveurorbae‚
854 3047 983 3108 osteum,

50 3122 77 3156 uo
88 3112 230 3160 connexion.
302 3111 309 3140 ¹
327 3111 371 3158 See
385 3111 460 3172 Chap.
473 3111 515 3160 53.
589 3107 599 3135 ¹
619 3115 780 3175 Quadraginta
791 3130 818 3162 eu
829 3117 983 3172 solutulento,

28 3177 121 3238 fuisse.
158 3179 224 3230 'Ibat
239 3180 280 3226 dre
297 3180 422 3244 (number)
439 3179 511 3242 lorty,
529 3178 629 3242 (agreed
641 3195 673 3227 on
690 3181 722 3242 by
732 3181 789 3227 both
803 3181 906 3242 writers)
922 3199 984 3231 were

52 3244 128 3295 talento
145 3247 215 3309 only,
236 3248 265 3309 (a
284 3261 339 3292 eum
358 3245 494 3308 equivalent
513 3255 539 3294 to
558 3249 633 3296 about
650 3249 680 3296 L.
684 3247 750 3296 7750
765 3248 795 3295 of
811 3263 856 3296 our
872 3253 984 3313 money.)

50 3308 153 3362 'About
173 3315 203 3362 L
210 3313 323 3368 1291oe
412 3313 421 3342 ⁴
438 3317 472 3364 Et
489 3317 581 3364 nulliur
598 3314 811 3378 (magnificentiae,
830 3315 888 3376 tlte).
926 3318 985 3365 And

52 3379 119 3429 wbicb
131 3381 215 3432 would
227 3381 259 3428 do
270 3381 342 3427 much
354 3395 420 3428 more
431 3383 489 3428 thau
501 3381 584 3429 suffice
596 3393 621 3429 to
631 3381 669 3443 lay
681 3382 721 3428 the
732 3381 887 3430 foundations
902 3383 931 3428 of
944 3385 985 3428 she

52 3457 106 3494 most
121 3447 235 3510 splendid
251 3457 370 3495 structure
386 3463 445 3495 eren
461 3447 491 3496 ol
501 3463 547 3496 our
563 3463 618 3494 own
635 3448 711 3494 times.
748 3451 851 3500 Horum,
867 3463 947 3504 seep
960 3448 984 3503 5,

53 3523 102 3560 note
114 3515 136 3563 l.
233 3517 243 3544 ⁵
261 3517 304 3565 See
317 3515 391 3577 Chap.
406 3515 447 3566 35.
552 3514 562 3542 ⁶
580 3517 668 3578 Begun
679 3516 710 3576 by
723 3513 869 3576 Tarquinius
881 3511 986 3571 Priscus,

54 3593 73 3624 t·
85 3581 124 3630 38.

497 3650 549 3706 ιι
