2224 3862
424 227 550 289 LIBER
568 227 625 288 IV.
921 227 980 288 255

69 386 143 447 [aab
155 391 312 457 moraretur,
327 387 452 455 dictator,
466 385 634 464 praeeunte¹
649 388 686 446 Α.
701 387 830 447 Cornelio
850 385 981 468 pontifice

67 466 170 534 manno,
181 467 261 525 ludos
270 487 384 542 magnos
394 467 529 526 tumultis
539 468 722 526 consciverit:
744 469 937 542 proiectusque
947 467 981 524 ab

21 597 22 619 ,
66 547 125 612 orbs,
134 546 215 604 diviso
224 567 290 605 cum
302 548 434 612 Quinctio
442 546 554 606 consule
563 547 696 614 exercitu,
705 547 740 605 ad
749 546 841 605 hostes
851 546 984 622 pervenit.

65 624 126 683 Sicut
135 625 194 682 bina
206 636 297 684 castra
311 627 439 696 bostium,
460 645 543 702 parvo
556 627 628 684 inter
641 647 670 684 se
683 627 773 702 spatio
786 626 923 690 distantia,
942 625 982 682 vi·

64 704 147 773 derant,
160 705 213 782 ipsi
227 703 339 783 qubque
353 707 427 770 mille
440 706 526 764 ferme
539 724 636 782 passus
643 707 677 763 ab
687 705 775 773 hoste,
785 706 902 764 dictator
910 704 981 764 Tus·

18 818 19 842 l
64 782 118 851 colo,
131 785 223 842 consul
237 787 375 853 Lanuvio,
389 785 544 862 propiorem
558 786 648 844 locum
663 786 758 844 castris
772 796 912 861 cepemnt.
939 785 983 842 Ita

18 849 19 940 l
63 874 158 936 quatuor
176 866 325 936 exercitus,
346 866 462 923 totidem
481 865 661 932 munimenta,
681 865 822 942 planitiem
839 865 867 921 in
880 865 982 931 medio,

17 964 30 1006 ιΙ
62 959 103 1000 non
119 943 205 1017 parvis
223 943 309 1002 modb
329 945 536 1003 excursionibus
555 945 590 1002 ad
603 945 714 1021 proelia,
728 945 779 1003 aed
792 943 835 1000 vel
847 945 883 1001 ad
897 944 983 1019 expli·

17 1007 19 1070 l
62 1020 141 1078 undas
153 1023 285 1100 utrinque
298 1025 371 1082 acies
384 1025 606 1100 satispateotem,
618 1023 763 1083 habebant.
804 1023 874 1089 Nec,
885 1041 984 1097 exque

62 1101 137 1158 matris
156 1116 246 1162 castra
266 1105 365 1162 collata
383 1107 479 1171 sunt2,
501 1115 637 1162 cessatum
650 1123 667 1161 a
680 1103 785 1162 levibus
801 1101 912 1179 pmeliia
925 1114 983 1168 est;

60 1177 122 1238 teile
132 1183 255 1257 patiente
269 1185 411 1251 dictatore,
426 1184 592 1242 conferendo
605 1184 675 1240 vires
686 1201 761 1259 apem
775 1182 916 1240 universae
928 1181 984 1238 vic·

62 1258 138 1326 uriae,
151 1271 259 1320 tentato
273 1264 413 1340 paullatim
428 1274 529 1321 eventu
543 1263 732 1332 certaminum,
743 1281 808 1320 suos
818 1261 984 1338 praecipere.

61 1334 139 1411 ltaque
158 1339 263 1409 hostes,
280 1343 357 1400 nolli
369 1343 398 1400 io
411 1343 515 1419 proelio
524 1341 602 1420 justo
614 1343 710 1400 relicti
723 1362 780 1419 spe,
795 1353 880 1400 noctu
893 1339 983 1398 adorti

63 1429 132 1476 castra
150 1421 282 1491 consulis,
302 1443 359 1480 rem
380 1423 408 1480 in
423 1441 516 1480 casum
530 1423 656 1499 ancipitis
669 1421 785 1480 eventius
798 1419 983 1480 committunt.

17 1531 18 1536 ι
63 1493 153 1556 Clamor
171 1501 267 1559 subitb
287 1515 372 1569 ortus,
392 1521 448 1559 non
467 1503 587 1560 consulis
606 1499 689 1564 modb
707 1501 811 1578 vigiles,
831 1501 984 1558 exercitum

17 1619 18 1622 ,
62 1573 141 1636 deiude
167 1599 289 1649 omnem,
315 1583 365 1640 sed
389 1583 549 1640 dictatorem
574 1578 684 1658 qudque
703 1601 739 1640 ex
757 1600 855 1638 somno
874 1579 985 1638 excivit.

64 1650 106 1712 Ubi
116 1661 252 1730 praesenti
265 1680 318 1738 ope
331 1681 375 1718 res
389 1662 515 1737 egebant,
526 1662 621 1720 consul
634 1681 687 1720 nec
699 1661 791 1720 animo
805 1659 914 1726 defecit,
932 1677 984 1718 nec
1094 1675 1095 1678 ’

63 1735 171 1804 tonsili03
190 1759 255 1814 pars
276 1741 394 1798 militum
414 1753 553 1817 portarum
572 1741 703 1799 stationes
716 1741 843 1800 firmant:
864 1758 926 1812 pars
940 1757 986 1796 co·

64 1813 114 1870 roni
124 1817 222 1876 vallum
238 1820 362 1896 ciogrmt.
401 1821 435 1877 ln
448 1821 541 1878 alteris
554 1822 628 1897 apud
641 1821 804 1879 dictatorem
813 1819 918 1886 eastris,
929 1837 986 1893 quo

63 1891 133 1952 minus
152 1899 291 1956 tumultis
310 1911 361 1967 est,
383 1919 417 1957 eo
429 1901 492 1976 plus
504 1899 737 1966 animadvertitur,
751 1899 818 1974 quid
832 1915 902 1974 opus
915 1897 988 1956 facte

63 1969 95 2026 tlt
128 1973 219 2035 Misso
235 1979 377 2052 extemplo
394 1979 432 2042 ad
453 1991 541 2037 castra
557 1979 689 2046 subsidio,
702 1979 748 2036 cui
763 1979 811 2054 Sp.
826 1975 986 2034 Postumius

64 2049 135 2111 Albus
147 2055 255 2132 legatus
268 2059 433 2134 praeficitur,
451 2059 512 2134 ipse
525 2071 603 2135 parte
617 2059 756 2134 copiarum
771 2075 855 2133 parvo
869 2054 987 2114 circuitu

64 2125 136 2190 locum
151 2137 275 2194 maxime
296 2151 430 2196 secretum
452 2139 487 2195 ab
506 2137 629 2195 tumultu
647 2137 726 2213 petit,
740 2137 814 2194 unde
827 2153 863 2192 ex
876 2133 987 2210 necopi-

64 2221 114 2267 nto
130 2233 255 2274 aversum
276 2215 383 2276 hostem
397 2218 516 2275 invadat.
558 2217 593 2281 Q.
609 2217 761 2294 Sulpicium
775 2216 895 2292 legatum
909 2233 988 2290 prae·

63 2287 108 2346 ficit
124 2296 234 2353 castris:
259 2295 303 2354 M.
324 2297 409 2354 Fabio
429 2297 519 2372 legato
538 2297 659 2372 assignat
678 2295 794 2372 equites.
835 2293 897 2352 Nec
923 2305 987 2352 ante

17 2391 18 2398 ¹
64 2364 135 2428 lucem
154 2395 266 2434 movere
282 2375 362 2452 jubet
382 2396 502 2444 manum,
520 2377 592 2434 inter
611 2388 759 2434 nocturnos
777 2374 914 2432 mmultus
928 2393 988 2431 mo·

64 2445 143 2510 deute
161 2455 312 2512 difficilem.
350 2456 462 2523 Omnia,
481 2475 553 2531 quae
567 2457 610 2514 vel
623 2457 692 2514 alius
706 2457 854 2533 imperator
867 2454 988 2530 prudens

64 2537 85 2582 et
100 2529 212 2610 impiger
227 2535 255 2592 in
275 2535 324 2592 tali
344 2555 373 2593 re
391 2537 561 2612 praeciperet
574 2548 731 2611 ageretque,
745 2534 879 2612 praecipit
892 2532 988 2590 ordine

64 2617 131 2680 alque
147 2615 213 2689 agit.
253 2615 327 2672 Illud
346 2611 478 2672 eximieam
499 2615 608 2673 consilii
630 2616 768 2690 animique
786 2613 935 2691 specimen,
960 2625 989 2670 et

64 2689 207 2765 neutiquam
221 2695 349 2770 vulgatae
368 2695 466 2762 laudis,
481 2691 555 2769 qnbd
569 2695 643 2752 ultro
655 2696 691 2753 ad
703 2693 887 2771 oppugnanda
900 2703 989 2750 castra

64 2761 175 2840 boetium,
192 2776 268 2832 uode
284 2774 387 2852 majore
407 2775 516 2850 agmine
533 2775 670 2850 profectos
693 2773 865 2851 exploratum
889 2771 988 2835 fuerat.

65 2839 99 2932 Μ
112 2847 264 2928 Geganium
278 2873 341 2911 cum
350 2853 508 2912 cohortibus
516 2854 630 2912 delectis
641 2853 724 2912 misit.
765 2853 830 2920 Qui,
841 2865 988 2928 postquam

65 2935 167 2988 tructos
187 2932 312 2990 homines
332 2934 360 2990 io
381 2946 510 2992 eventum
524 2933 638 3010 periculi
651 2933 741 3001 alieni,
755 2952 806 3010 pro
820 2952 850 2989 se
863 2931 989 2990 incautos

66 3006 180 3079 neglectis
195 3013 294 3089 vigiliis
307 3013 534 3088 stationibusque,
553 3025 596 3071 est
609 3014 730 3082 adortus,
744 3013 819 3089 priris
832 3013 903 3088 pene
916 3011 990 3088 cepit

64 3097 145 3156 mlta,
165 3091 248 3167 quim
266 3094 418 3169 oppugnari
432 3092 524 3150 hostes
537 3093 602 3150 satis
615 3093 724 3150 scirent.
764 3091 844 3159 Inde,
857 3091 943 3158 fumo,
957 3102 990 3146 ut
1094 3131 1095 3136 ι

66 3174 221 3241 marcuerat,
242 3174 336 3230 datum
354 3173 462 3248 signnm
482 3171 532 3229 ubi
551 3183 728 3248 conspectum
743 3172 777 3229 ab
791 3171 925 3229 dictatore
938 3181 989 3236 est,

66 3245 191 3316 exclamat,
207 3260 215 3290 ‘
229 3265 309 3329 capta
321 3252 442 3311 bestium
457 3251 562 3319 castra’
575 3252 754 3328 nuntiarique
767 3251 868 3327 passim
878 3247 983 3324 jubet-2

96 3321 230 3390 XXVHI.
251 3333 290 3390 Et
305 3332 364 3410 jam
384 3333 548 3397 lucescebat,
569 3331 715 3405 omniaque
729 3329 880 3387 subuculis
894 3339 990 3393 aranu

67 3409 89 3457 tl
105 3402 198 3468 Fabios
217 3431 280 3470 cum
294 3413 419 3488 equitatu
432 3412 566 3487 impetum
579 3410 702 3478 dederat,
716 3421 745 3466 et
758 3407 854 3466 consol
866 3405 989 3479 eruptio-

95 3517 154 3570 ¹⁸⁸⁰
165 3539 187 3584 p
202 3525 261 3582 249,
273 3535 329 3574 note
340 3527 363 3576 2.
400 3524 488 3580 'Nec
503 3523 547 3570 &c
584 3521 637 3569 Nor
647 3517 710 3568 from
719 3521 758 3566 the
769 3515 827 3564 time
840 3515 908 3562 when
920 3527 990 3575 camp

71 3591 533 3656 'ffleitchedtnopposicionmcamps
577 3610 580 3622 =
783 3611 785 3616 -
901 3606 904 3612 ι
988 3607 991 3612 .

1008 3729 1095 3838 Δ
