2232 3862
442 230 564 292 ιιιιιιι
585 227 644 290 ιιι
702 215 747 274 lt
957 237 991 292 ιι

58 389 124 456 baut,
138 336 259 448 factirm.
301 387 385 448 Forte
398 390 549 466 italersuit,
563 402 595 468 ut
611 391 706 450 Potitii
719 392 754 448 ad
766 403 875 468 tempus
888 404 997 467 praesto

57 481 151 538 ceant,
166 470 259 544 iisque
273 471 339 526 cita
351 483 568 546 apponerentur;
585 471 696 539 Pinarii,
710 473 780 528 extis
793 470 891 538 adesis,
905 472 941 528 ad
950 485 1012 530 cer
1049 476 1053 484 “
1108 459 1109 466 ¹

7 601 8 612 ,
57 563 138 606 teram
152 551 283 606 renuent
301 550 410 625 dapem.
445 549 518 608 'Inde
536 550 695 607 institutum
713 551 820 617 mansit,
841 551 929 608 donec
948 551 995 608 Pi·

57 629 158 684 narium
173 629 340 703 genrrsfuit,
360 648 396 686 ne
413 630 483 686 extis
501 629 653 686 'solennium
666 641 848 688 vescerentur.
889 630 995 699 Potitii,

57 709 85 764 ab
95 707 231 764 Evandro
241 705 344 774 edocti,
355 707 491 765 antistites
500 709 569 766 sacri
577 708 693 786 ejus'per
705 710 806 766 multas
819 721 922 767 aetates
935 709 994 768 fue·

57 799 132 843 mut:
155 787 259 854 donec,
280 786 382 844 tiudito
396 787 480 844 serris
494 788 609 863 publicis
622 787 727 845 solenni
740 789 856 852 familiae
869 788 992 846 ministe-

57 867 100 933 rio,
114 884 205 940 genus
219 885 304 923 omne
316 867 480 946 Potitiorum
493 866 605 924 interiit.
635 867 717 925 Haec
729 880 788 926 tum
800 887 875 926 sacra
886 868 993 926 Romu-

58 945 94 1000 lus
107 964 164 1002 una
177 965 214 1002 ex
229 946 357 1002 omnibus
378 947 521 1021 peregrina
538 948 673 1022 suscepit;
688 946 746 1024 jam
761 961 820 1004 tum
833 947 993 1005 immortali·

59 1024 116 1080 tetis
129 1024 236 1080 virtute
249 1038 352 1100 partae,
367 1025 402 1080 ed
416 1045 496 1100 quam
510 1045 573 1082 eum
588 1027 704 1084 sualeta
717 1026 862 1094 ducebant,
876 1027 986 1093 fautor„
1042 1035 1047 1048 ‘
1108 1051 1109 1060 ¹

93 1103 173 1160 VIII.
198 1103 298 1160 Rebus
318 1103 417 1160 divinis
437 1105 488 1162 rite
508 1106 678 1181 perpetratis,
702 1107 854 1180 vocatique
874 1107 908 1162 ad
929 1125 993 1162 con·

59 1182 145 1238 cilium
161 1182 351 1251 multitudine,
374 1203 444 1259 quae
463 1184 615 1243 coalescere
634 1185 663 1240 in
683 1185 778 1260 populi
797 1177 878 1241 unius
895 1204 993 1260 corpus

59 1261 124 1317 nulle
143 1281 183 1334 re,
206 1275 399 1337 praeterquam
412 1258 526 1338 legibus,
544 1275 660 1338 poterat,
675 1263 740 1340 jure
758 1264 850 1321 dedit:
871 1265 993 1339 quesita

59 1352 146 1397 sancta
157 1342 256 1415 generi
270 1340 413 1398 bominum
427 1345 527 1416 agresti
539 1345 597 1400 lore
617 1356 700 1411 ratus,
720 1344 744 1400 si
762 1363 791 1401 se
809 1343 867 1419 ipse
881 1363 991 1402 venera-

59 1419 132 1476 bilem
144 1419 302 1494 insignibus
316 1421 423 1496 imperii
436 1422 553 1488 fecisset,
574 1441 659 1496 quum
680 1434 771 1480 cetero
790 1421 886 1480 babitu
900 1443 929 1480 se
943 1443 991 1480 au-

58 1499 213 1571 gustiorem,
234 1510 296 1556 tum
316 1499 436 1557 maxime
455 1499 594 1558 lictoribus
616 1502 760 1560 duodecim
781 1503 897 1579 sumptis
917 1503 990 1560 fecit.

58 1577 111 1632 Alii
127 1579 161 1634 ab
183 1597 302 1635 numero
314 1579 417 1647 arium,
437 1599 506 1654 quae
523 1583 643 1656 augurio,
656 1599 768 1656 regnum
785 1583 989 1658 portenderant,

56 1675 111 1712 cum
120 1670 251 1714 secutum
261 1677 406 1715 numerum
416 1673 522 1734 putant.
546 1658 598 1717 Me
609 1659 681 1718 baud
692 1661 813 1736 poenitet
823 1681 917 1717 eorum
929 1682 990 1718 sen·

55 1736 146 1792 tentiae
159 1757 230 1806 esee,
246 1738 368 1811 quibus}
382 1749 410 1794 et
423 1740 590 1814 apparitores
604 1751 632 1796 et
645 1739 698 1796 boc
710 1759 798 1814 genae
814 1741 848 1796 ab
862 1740 989 1798 Etruscis

61 1821 66 1846 ‘
79 1815 214 1882 finitimis,’·
229 1817 302 1872 unde
312 1817 380 1874 sella
389 1818 499 1886 curulis,
510 1819 655 1894 undatoga
665 1829 805 1895 praetexta
818 1831 927 1895 sumpta
940 1833 991 1886 est,

61 1900 219 1952 ‘numerum
233 1897 345 1970 quoque
362 1897 451 1972 ipsum
467 1897 591 1956 ductum'
609 1898 715 1974 placet:
738 1906 787 1956 ‘at
806 1897 844 1954 ita
863 1898 989 1956 babuisse

62 1971 217 2042 ιΕιιιιιιιοι,
238 1976 322 2049 quod,
344 1995 379 2031 ex
398 1977 542 2034 duodecim
564 1977 672 2052 populis
694 1977 875 2034 communiter
898 1990 989 2034 creato

7 2081 12 2100 ·
63 2059 147 2139 fruge,
166 2054 291 2128 singulos
313 2054 418 2128 singuli
430 2056 524 2131 populi
538 2057 646 2114 lictores
659 2055 800 2112 dederint?
842 2055 989 2112 Crescebat

62 2132 160 2188 interim
181 2133 256 2199 urbs,
282 2135 478 2191 munitionibus
498 2135 550 2192 alia
572 2146 654 2210 atqua
674 2134 727 2191 alia
746 2135 900 2210 appetendo
920 2134 988 2200 loca,

62 2227 136 2280 quum
149 2212 178 2268 in
191 2231 270 2287 spem
284 2213 371 2288 magis
383 2213 491 2271 suturae
505 2213 697 2282 multitudinis,
718 2211 800 2288 quarn
813 2214 848 2270 ad
862 2213 899 2280 id,
914 2215 990 2288 quod

62 2302 111 2344 tuni
124 2287 266 2348 bominum
282 2306 349 2359 erat,
364 2294 509 2360 munirent.
536 2293 656 2360 Deinde,
670 2313 705 2351 ne
716 2311 783 2367 rana
797 2292 871 2350 urbis
885 2293 988 2368 magni-

62 2369 119 2424 tudo
128 2381 209 2436 esset,
220 2371 391 2448 adjiciendae
402 2371 582 2430 multitudiuis
593 2373 683 2440 causa,
694 2385 786 2430 vetere
796 2373 909 2430 consilio
923 2391 988 2429 con·

61 2445 174 2506 dentium
188 2451 278 2522 urbes,
292 2451 348 2525 qui,
363 2452 506 2508 obscuram
516 2466 598 2526 etque
608 2451 740 2510 humilem
750 2453 900 2510 conciendo
909 2453 945 2508 ad
958 2472 987 2509 se

61 2526 264 2596 multitudinem,
276 2544 367 2600 natam
383 2533 483 2588 eterra
496 2531 547 2587 sibi
561 2532 663 2607 prolem
678 2531 928 2595 ementiebantur¹;
948 2531 988 2587 lo-

61 2623 124 2672 cum,
137 2608 185 2682 qui
194 2593 384 2684 nuness‘sbptus‘
390 2579 622 2668 descendentibus
641 2604 713 2674 inter
731 2611 800 2667 duos
818 2611 896 2668 lucos
913 2609 986 2678 est²,

63 2683 171 2759 Asylum
194 2689 291 2763 aperit.
333 2688 376 2746 Εὸ
397 2709 432 2748 ex
445 2690 566 2746 finitimis
584 2690 692 2766 populis
710 2689 907 2756 turbaromnis,
928 2689 987 2748 sine

62 2760 216 2833 discrimine,
237 2767 307 2824 liber
320 2788 354 2824 an
368 2787 462 2824 servus
476 2782 555 2836 asset,
577 2770 656 2826 avida
673 2789 803 2826 novarum
821 2771 987 2846 rerumper·

62 2840 139 2914 fugit:
159 2845 242 2921 idque
256 2847 374 2925 primurn
383 2848 424 2926 'ad
438 2861 561 2924 coeptam
577 2849 793 2923 magnitudinem
807 2849 911 2905 roboris
927 2849 987 2904 fuit.

63 2917 145 2980 Quum
163 2925 219 3000 jam
233 2927 332 2982 virium
347 2923 420 2982 baud
434 2921 594 3002 dictitaret,
616 2927 758 2986 consilium
772 2928 871 2984 deinde
885 2927 987 2983 viribus

62 3015 149 3069 parat·
176 3004 297 3062 Centum
319 3019 393 3062 creat
410 3020 564 3064 senatores:
585 3007 720 3081 sivaquia
738 3006 761 3062 is
779 3025 908 3063 numerus
922 3007 987 3064 satis

61 3091 126 3135 erat:
145 3083 201 3140 sire
215 3085 281 3158 quia
294 3084 345 3140 soli
358 3097 468 3142 centum
487 3099 572 3153 erent,
593 3087 641 3160 qui
661 3085 745 3142 creari
763 3099 854 3160 patres
867 3098 987 3161 possent.

60 3153 147 3286 ¹l'utres
164 3167 240 3220 certe
258 3163 293 3220 ab
310 3162 422 3234 bonore,
443 3166 604 3240 patriciique
624 3165 767 3241 progenies
786 3183 881 3222 eorum
894 3165 987 3242 appel-

68 3247 108 3290 all.
714 3269 716 3276 ¹

94 3316 142 3374 IX.
161 3319 225 3378 Jam
239 3341 283 3379 res
297 3323 424 3380 Romana
436 3325 506 3382 adab
519 3335 577 3380 erat
588 3323 684 3392 valida,
698 3333 730 3380 ut
740 3323 851 3380 cuilibet
861 3323 987 3379 finitima·

93 3444 98 3471 ¹
116 3445 195 3492 'Ibosc
206 3455 232 3492 to
243 3447 323 3494 whom
336 3449 383 3494 this
395 3449 473 3512 origin
486 3467 534 3498 was
545 3427 677 3497 attributed
687 3464 749 3495 were
766 3447 844 3495 called
855 3448 988 3505 ἁνιοχέονις.

67 3505 75 3532 ²
92 3515 134 3566 cot
146 3529 218 3568 trunc,
230 3511 274 3560 drc.
312 3516 400 3562 Wbere
417 3518 484 3564 there
501 3519 521 3565 is
533 3530 586 3566 now
599 3518 639 3564 tbe
655 3516 783 3571 inclosure,
803 3522 827 3560 et
843 3514 884 3558 the
895 3507 993 3555 delitent

62 3579 167 3630 between
179 3582 219 3627 the
231 3591 279 3628 two
290 3597 383 3645 grovcs.
