2224 3862
108 161 167 257 aar
500 188 537 248 r.
557 189 660 250 nrvrr
684 191 689 198 ·

106 351 178 428 quit,
188 356 201 389 '⁶
213 348 315 415 sciatis,
327 346 459 414 Quirites,
470 346 551 423 quarn
566 347 634 406 mibi
647 347 777 406 diuturna
789 367 844 406 uon
857 346 980 425 placeant
989 349 1039 422 irn-

107 441 117 488 ,‘
132 431 216 508 peria,
230 429 366 488 dictatorie
379 446 423 484 me
437 426 551 486 abdico!
592 428 730 502 Deposito
743 448 794 492 suo
808 430 976 504 magistratu,
988 445 1040 488 tuo·

107 513 145 578 do
154 511 267 568 aliorum
279 507 448 582 magistratui
459 507 597 582 imposito,
608 509 663 564 fine
673 507 750 564 alteri
764 506 781 575 ¹,
796 527 858 566 cum
869 507 1042 583 gratulatione

106 611 142 658 ac
154 591 247 646 lavore
257 587 361 662 ingenti
376 586 471 662 populi
484 587 596 642 domum
604 599 650 643 est
659 587 798 644 reductus.
809 631 812 636 .
825 587 962 644 Censores
969 607 1043 662 aegre

106 669 192 746 passi,
213 666 397 737 Mamercum,
421 673 428 698 ‘
449 666 524 740 qubd
540 665 729 741 magistratum
750 666 845 742 populi
859 666 979 724 Romani
998 667 1043 723 mi-

106 758 117 805 .‘
131 746 253 814 unisset‚'
262 745 341 804 tribu
354 757 508 812 moverunt,
526 745 749 822 octuplicatoque
762 765 847 802 ceusu
862 746 996 802 aerarium
1009 747 1043 803 le·

108 840 205 888 cerunt
216 826 237 882 ².
278 834 285 860 ‘
300 825 391 888 Quam
405 843 463 880 rem
477 824 566 900 ipsum
587 825 693 900 ingenti
712 825 804 882 animo
818 823 932 892 tulisse,’
952 826 1042 892 ierunt,

109 917 241 966 ‘causam
261 905 352 980 potiris
375 903 540 978 ignominiae
561 903 724 971 intuentem,
745 903 828 978 qnam
851 903 1043 979 ignominiam
1089 939 1090 968 2

1088 897 1090 938 l

107 996 117 1044 .‘
132 987 266 1063 primores
281 985 405 1049 Patrem,
425 1002 582 1058 quanquam
602 983 776 1040 deminutum
790 1003 923 1040 censurae
935 981 983 1059 jus
1001 1002 1043 1040 no·
1089 983 1090 998 ¹

110 1067 255 1146 ‘luissent
278 1062 406 1138 exemplo
428 1062 585 1121 acerbitatis
611 1063 752 1120 censoriae
778 1063 922 1120 offensoes
952 1063 1044 1138 quippe

109 1154 216 1222 ‘quum
237 1164 267 1200 se
287 1142 403 1218 quisque
423 1141 527 1198 diutius
547 1161 580 1199 ac
598 1142 708 1218 saepius
724 1140 879 1219 subjectum
895 1142 1044 1200 censorhus
1089 1173 1090 1192 .

108 1235 117 1272 ⁴
131 1229 189 1283 lbre
203 1233 335 1291 cerneret,
349 1221 433 1296 quim
443 1240 586 1278 censuram
595 1220 754 1296 gesturum?
775 1221 875 1297 Populi
889 1222 965 1278 certe
978 1233 1044 1278 tanta

109 1303 261 1380 indignatio
274 1314 369 1358 coorta
382 1300 491 1368 dicitur,
512 1313 545 1358 nt
557 1302 598 1356 ris
611 1321 628 1366 a
640 1301 798 1358 censombus
811 1301 918 1358 nullius
936 1301 1043 1360 auctori·

108 1397 174 1452 tate,
189 1393 379 1460 praeterquam
394 1379 480 1454 ipsins
494 1378 640 1446 Mamerci,
654 1380 785 1438 deterreri
799 1380 930 1454 'quiverit

249 1459 343 1518 XXV.
375 1458 492 1516 Tribuni
511 1455 608 1535 plebis,
629 1459 747 1516 assiduis
766 1458 949 1517 concionibus
961 1456 1043 1534 probi·

109 1533 170 1636 332⁶·
210 1540 302 1604 hendo
316 1538 468 1597 consularia
481 1538 602 1607 comitis,
618 1557 703 1612 quum
717 1558 762 1596 res
775 1557 860 1614 propa
873 1539 912 1596 ad
922 1539 1042 1612 interreg·

161 1619 167 1632 '
210 1638 276 1676 num
290 1617 424 1694 perducta
437 1629 518 1683 esset,
528 1617 635 1676 evicere
649 1617 770 1686 tandem,
780 1630 813 1676 ut
821 1617 928 1676 tribuni
935 1616 1042 1674 militurn

110 1698 245 1758 consulari
258 1709 395 1773 potestate
409 1707 583 1754 crearentur:
605 1696 736 1754 victoriae
746 1697 911 1774 praemium,
922 1697 994 1776 quod
1002 1716 1042 1773 po·

109 1781 226 1848 tebatur,
247 1789 279 1834 ut
299 1776 421 1853 plebeius
435 1787 581 1842 crearetur,
602 1777 709 1834 nullum
722 1777 783 1833 luit.
825 1775 935 1834 Omnes
949 1773 1045 1853 patricii,

110 1859 193 1918 creati
209 1869 287 1925 snut,
312 1853 356 1912 M.
371 1854 472 1912 Fabius
492 1854 655 1923 Vibulanus,
681 1853 724 1912 M.
739 1855 860 1923 Fossius,
882 1855 920 1912 L.
943 1855 1042 1930 Sergius

110 1939 236 2000 Fidenas.
276 1934 438 1992 Pestilentia
450 1941 484 1992 ao
498 1953 570 1992 anno
583 1934 699 1992 aliarum
712 1954 803 1994 rerum
818 1936 911 1992 otium
920 1934 1041 2011 praebuit

110 2015 219 2078 Aedis³
231 2013 356 2092 Apollini
367 2033 417 2090 pro
426 2013 583 2078 valetudine
595 2013 690 2091 populi
698 2027 762 2072 vota
770 2027 821 2072 est.
850 2013 1041 2072 Multadonrn·

110 2098 161 2161 riri
172 2097 185 2128 ⁴
196 2115 233 2158 ax
245 2095 331 2161 libris,
340 2093 490 2169 placandae
501 2092 595 2150 Derim
610 2094 675 2159 irae,
689 2095 911 2168 avertendaeque
924 2113 941 2152 a
953 2093 1042 2170 populo

110 2177 197 2256 pestis
217 2175 309 2242 causi,
330 2174 436 2230 lesere:
457 2191 557 2248 magna
577 2185 670 2230 tamen
683 2173 777 2230 clades
790 2173 820 2231 in
832 2174 904 2231 urbe
917 2173 1040 2250 agrisque,

110 2255 266 2334 promiscue
279 2252 422 2310 hominum
436 2271 623 2328 pecorumque
636 2253 765 2328 pernicie,
776 2265 899 2329 accepta.
942 2253 1040 2310 Famem

111 2335 261 2394 cultoribus
287 2351 415 2407 agrorum
442 2331 572 2388 timentes
593 2332 622 2388 in
648 2331 796 2399 Etruriam,
818 2332 1040 2413 Pomptinumque

110 2435 207 2492 agrum
220 2423 249 2470 et
264 2411 375 2475 Cumas,
388 2412 528 2486 postremo
540 2411 569 2468 in
579 2410 703 2470 Siciliam
713 2412 822 2486 quoqne
832 2411 964 2470 frumenti
972 2410 1040 2470 causi

212 2491 320 2550 misere.
361 2487 557 2548 Consularium
568 2491 742 2550 comitiorum
756 2491 832 2548 nulla
843 2493 951 2548 mentio
963 2489 1040 2548 babitu

110 2620 168 2668 323.
212 2583 263 2628 est.
304 2568 420 2626 Tribuni
435 2569 553 2628 militurn
567 2570 703 2628 consulari
716 2583 852 2646 potestate
866 2569 1039 2646 omnespatri·

114 2707 117 2712 .
212 2650 248 2710 cii
258 2649 342 2709 creati
350 2659 424 2718 sunt,
438 2646 473 2706 L.
488 2649 615 2710 Pinarius
625 2649 823 2721 Mamercinus,
835 2649 870 2706 L.
881 2647 1039 2712 FuriusMe

112 2565 136 2600 u.
150 2565 172 2600 C·

145 2799 151 2828 ¹
172 2799 211 2848 As.
226 2798 365 2848 Mamercus
382 2799 425 2846 bas
436 2797 539 2846 hitherto
550 2799 643 2860 spoken
654 2797 712 2860 only
722 2798 752 2849 of
765 2805 813 2846 two
824 2797 915 2856 offioes,
928 2799 967 2845 the
977 2795 1038 2843 dicta·

111 2867 201 2929 torsbip
219 2867 266 2916 and
278 2867 317 2913 the
327 2865 472 2926 censorsbip,
485 2865 532 2913 and
543 2867 609 2914 there
621 2878 660 2914 are
669 2867 725 2914 here
733 2865 872 2914 mentioned
883 2885 934 2925 suo,
946 2869 1038 2917 aliorum

109 2939 187 2994 alteri,
199 2947 236 2982 we
247 2936 306 2981 hare
317 2949 400 2981 reason
413 2943 438 2980 to
450 2944 545 2994 suspect
556 2935 607 2982 that
619 2933 695 2981 either
706 2939 773 2983 modo
783 2937 885 2983 oliorum
895 2934 1038 2996 magistratui,

110 3009 195 3071 orfine
205 3007 281 3056 alteri,
291 3000 377 3049 should
387 3003 416 3048 be
425 3000 528 3049 deleted.
601 2998 612 3026 ²
631 3005 772 3065 Octupliculi
780 3021 861 3060 censu,
871 3009 878 3031 ‘
887 3001 974 3064 having
981 2997 1039 3048 made

110 3080 119 3108 ⁴
130 3074 170 3122 tha
181 3071 304 3120 valuation
314 3069 343 3117 of
357 3069 394 3116 his
409 3077 483 3116 estate
499 3069 566 3134 eight
582 3069 652 3118 times
663 3085 730 3118 more
741 3072 798 3118 than
810 3070 830 3118 it
840 3071 924 3134 ought,
937 3071 985 3116 that
994 3067 1039 3113 thus

111 3143 162 3189 ‘be
177 3139 257 3202 ulight
273 3139 303 3184 be
318 3135 414 3198 obliged
429 3145 454 3184 to
471 3153 517 3199 pay
528 3137 595 3200 eight
607 3139 752 3186 timesmore
763 3139 872 3186 tribute·
911 3140 946 3186 Dr
959 3137 1036 3184 Aban.

112 3210 165 3258 The
182 3223 247 3256 same
259 3205 340 3252 writer
356 3203 461 3251 likewise
479 3205 544 3266 gives
559 3205 622 3254 from
637 3206 756 3254 Asconius
773 3207 799 3254 in
813 3205 864 3254 Cic.
878 3207 917 3254 tbe
929 3201 1039 3261 following

112 3273 301 3340 explanationes
309 3275 447 3321 aerariam.-
464 3272 514 3327 Qui
526 3288 568 3336 per
577 3275 623 3321 hoc
632 3289 681 3320 non
691 3284 753 3322 esset
759 3275 784 3340 in
794 3275 851 3322 albo
859 3273 1038 3324 centuriaesusc.

112 3345 154 3392 sed
168 3343 200 3392 ad
214 3345 260 3392 hoc
277 3349 338 3388 esset
355 3339 414 3385 civis
429 3348 532 3398 tantum,
550 3350 578 3387 ut
596 3357 638 3401 pro
656 3341 733 3402 capite
744 3359 788 3390 suo
800 3343 883 3390 tributi
893 3341 986 3390 nomine
995 3350 1040 3384 aera

113 3411 234 3472 penderet.
273 3409 298 3457 It
314 3407 335 3454 is
352 3422 367 3453 a
382 3407 476 3469 subject
487 3409 578 3470 worthy
590 3409 619 3455 ot'
631 3409 735 3473 inquiry,
749 3411 812 3458 what
824 3427 873 3458 was
889 3411 929 3457 the
945 3407 1008 3456 effect
1019 3402 1042 3449 ol

114 3479 239 3540 remoring
256 3491 270 3524 a
286 3483 380 3524 senator
390 3474 454 3520 from
470 3473 507 3520 his
523 3478 604 3525 tribe?
672 3477 682 3504 ⁸
699 3471 772 3528 Aedr's
789 3478 826 3525 for
843 3483 919 3536 aedes,
931 3467 1043 3524 aformal

114 3545 167 3606 this,
185 3545 234 3612 aud
243 3543 336 3594 similar
347 3539 425 3596 words
436 3540 613 3614 ofteuluaedby
625 3543 696 3616 Lirg.
713 3583 719 3596 .
766 3547 775 3576 ⁴
794 3543 1005 3608 Serenianum
1019 3537 1039 3586 4·
