2262 3858
118 204 178 262 82⁰
493 199 527 258 Τ.
547 198 649 258 LIVII

118 369 127 396 ⁴
140 372 186 418 tur
197 371 213 428 ¹,
227 359 396 418 mentionem
406 357 510 416 nullam
520 358 607 416 lieril'
626 359 721 423 Quum
732 377 766 416 ea
774 357 949 434 disceptatio,
959 377 1060 436 anceps

117 439 225 500 senatui
242 438 308 504 visa,
329 438 457 512 delegata
476 439 510 495 ad
525 439 668 514 pontifices
688 450 777 504 esset;
795 435 919 495 adhibito
935 437 1061 506 Camillo,

117 521 205 578 risum
219 517 344 592 collegio,
360 519 455 592 ‘quod
466 517 525 593 ejus
539 530 603 576 anta
616 531 780 594 conceptum
791 530 886 574 votum
900 515 1060 592 Vejentium

117 608 125 634 ‘
139 599 244 663 luisset,
258 610 288 654 et
301 609 364 672 post
377 609 473 654 votum
483 597 510 654 in
521 609 687 672 potestatem
697 595 792 673 populi
802 596 922 654 Romani
931 597 1061 664 venisset,

118 685 126 708 ¹
139 677 199 754 ejus
212 688 319 753 partem
333 677 479 734 decumam
493 677 620 753 Apollini
638 696 742 736 sacram
759 675 837 746 esse!¹
877 675 923 734 Ita
937 675 966 731 in
980 677 1062 734 aesti-

116 758 265 814 mationem
286 755 352 812 urbs
372 775 492 831 agerque
512 757 604 814 venit:
625 756 743 833 pecunia
757 775 792 812 ex
803 755 909 812 aerario
923 768 1061 831 prompta,
1114 799 1115 808 ,

115 848 145 894 et
158 836 274 894 tribunis
287 835 406 892 militum
417 835 612 902 consularibus,
622 845 635 894 ,‘
649 848 681 892 ut
689 855 786 894 aurum
795 854 829 894 ex
840 835 873 892 eri
883 835 1062 902 coemerent(

115 915 258 990 negotium
275 916 379 970 datum.
421 913 509 991 Cujus
527 934 612 989 quum
633 915 713 990 copia
733 934 788 972 non
808 927 889 983 esset,
909 927 1061 980 matronae,
1114 943 1115 946 ¹

116 995 240 1052 coetibus
254 994 289 1051 ad
302 1012 362 1050 eam
377 1013 435 1050 rem
449 995 656 1052 consultandam
670 993 778 1062 habitis,
799 1007 827 1052 et
847 994 992 1052 communi
1012 995 1058 1051 de·
1114 1047 1115 1064 ξ

116 1087 192 1133 creto
205 1073 343 1150 pollicitae
363 1073 479 1130 tribunis
494 1073 611 1130 militum
626 1093 724 1131 aurum
744 1086 773 1130 et
793 1073 885 1132 omnia
899 1086 1061 1132 ornamenta
1114 1077 1115 1148 l

115 1173 174 1220 aua,
188 1154 215 1210 in
230 1153 364 1210 aerarium
378 1153 547 1210 detulerunt.
588 1153 676 1210 Grata
689 1173 723 1210 ea
735 1173 787 1220 res,
809 1166 925 1227 atquae
940 1153 1060 1218 manime
1114 1155 1115 1222 i

115 1233 224 1292 senatui
237 1231 390 1307 unquam²‚
408 1232 477 1288 fuit:
498 1231 685 1307 honoremque
705 1234 820 1290 obeam
842 1232 1059 1292 munificentiam
1114 1275 1115 1300 ,

114 1315 207 1372 ferunt
220 1311 351 1370 matronis
365 1309 499 1377 habitum,
520 1323 552 1368 nt
569 1311 673 1387 pilento
692 1313 728 1370 ad
748 1331 824 1370 sacra
840 1311 988 1386 ludosque,
1003 1331 1059 1369 car·
1114 1303 1115 1358 l

114 1393 205 1469 pantis
218 1393 289 1450 festo
303 1391 478 1467 profestoque
492 1402 643 1448 uterentur.
684 1392 810 1449 Pondere
824 1392 858 1450 ab
870 1391 989 1466 singulis
1001 1392 1059 1448 anri

114 1484 229 1548 accepto
250 1472 459 1546 aestimatoque,
483 1483 515 1527 ut
536 1472 669 1546 pecuniae
692 1471 871 1534 solverentur,
896 1479 903 1505 ‘
924 1483 1057 1528 crateram

116 1560 248 1610 ‘auream
263 1549 329 1608 lieri’
344 1551 454 1626 placuit,
475 1557 566 1625 ‘quae
586 1551 689 1608 donum
707 1550 829 1626 Apollini
848 1549 977 1626 Delphos
997 1569 1058 1626 por-

115 1640 123 1666 ‘
137 1629 258 1691 teretur!
299 1629 389 1688 Simul
403 1631 438 1686 ab
451 1629 583 1704 religione
597 1630 703 1688 animos
722 1631 896 1698 remiserunt,
917 1631 1055 1704 integrant

114 1711 279 1770 seditionem
293 1709 396 1766 tribuni
408 1708 513 1785 plebis:
534 1709 664 1768 incitatur
674 1709 823 1766 multitudo
833 1710 861 1766 in
872 1729 972 1766 omnes
986 1709 1056 1784 prin·

114 1793 198 1867 cipes,
220 1801 283 1846 anta
297 1787 365 1844 alios
378 1787 407 1844 in
421 1786 578 1845 Camillum.
620 1796 627 1822 ‘
642 1788 716 1846 Eum
730 1790 859 1864 praedam
874 1785 1056 1866 Vejentanam

115 1869 302 1946 ‘publicando
321 1868 509 1943 sacrandoque
527 1869 562 1924 ad
582 1867 698 1924 nihilum
718 1867 874 1944 redegisse!
917 1867 1056 1926 Absentes

113 1949 241 2008 ferociter
254 1949 415 2023 increpent:
436 1948 630 2022 praesentium,
651 1967 736 2022 quum
754 1967 784 2004 se
800 1948 873 2004 ultro
886 1947 964 2004 iratis
978 1947 1055 2004 offer-

112 2041 183 2094 rent,
196 2028 389 2086 rerecundiam
404 2025 514 2084 habent.
556 2026 644 2084 Simul
657 2025 764 2084 extrahi
774 2047 832 2084 rem
843 2047 879 2084 ex
888 2045 924 2084 eo
937 2046 1010 2084 anno
1018 2027 1055 2082 ri-

113 2108 222 2175 derunt,
233 2107 358 2166 tribunos
369 2105 456 2182 plebis
465 2105 563 2164 latores
572 2106 639 2181 legis
648 2107 676 2162 in
683 2125 788 2164 annum
798 2108 911 2165 eosdem
921 2107 1055 2180 reficiunt

114 2186 153 2244 Et
168 2188 264 2245 Patres
278 2184 331 2242 hoc
344 2185 419 2242 idem
432 2185 468 2242 ‹ls
482 2185 707 2242 intercessoribus
727 2185 795 2260 legis
813 2185 910 2244 annisi.
952 2185 997 2242 Ita
1010 2186 1053 2244 tri·

113 2267 180 2324 bani
193 2266 281 2340 plebis
295 2264 394 2339 magni
407 2284 442 2320 ex
456 2277 533 2340 parte
546 2265 631 2322 iidem
645 2265 749 2322 refecti.

152 2343 261 2402 XXVI.
298 2343 425 2400 Comitiis
442 2345 614 2401 tribunorum
631 2343 750 2400 militum
768 2344 862 2402 Patres
882 2343 993 2401 summit
1005 2363 1053 2418 ope

112 2423 263 2488 evicerunt,
277 2434 309 2478 ut
326 2421 369 2476 Μ.
384 2421 484 2478 Furius
499 2422 631 2481 Camillus
643 2435 791 2481 crearetur.
820 2429 828 2456 ‘
843 2421 963 2498 Propter
977 2421 1052 2480 bella'

112 2503 278 2562 simulabant
292 2510 299 2535 ‘
314 2500 402 2577 parari
422 2501 540 2568 ducem,’
560 2504 610 2558 sed
629 2503 766 2578 largitioni
785 2502 949 2561 tribuniciae
963 2503 1052 2558 adrer-
1114 2519 1115 2526 ¹

215 2581 302 2638 sarius
316 2581 506 2656 quaerebatur.
548 2580 620 2638 Cum
637 2583 756 2638 Camillo
771 2581 855 2639 creati
866 2581 971 2638 tribuni
985 2581 1050 2636 mili·

113 2652 137 2686 ὓ·
153 2653 174 2688 ⁰·
214 2675 275 2718 turn
289 2659 426 2718 consulari
435 2670 580 2734 potestate,
593 2659 627 2716 L.
640 2659 739 2719 Furius
749 2651 923 2718 Medullinus
937 2661 1051 2725 sertim,

163 2741 169 2756 '
216 2741 249 2800 C.
264 2740 411 2806 Aemilius,
427 2739 460 2796 L.
479 2723 602 2796 Valerius
618 2741 768 2807 Publicola,
781 2741 829 2814 Sp.
842 2741 1011 2806 Postumius,
1023 2740 1051 2796 P.

112 2820 258 2882 Cornelius
270 2821 380 2878 itemm.
423 2817 561 2895 Principio
574 2819 638 2876 anni
659 2820 761 2876 tribuni
781 2819 868 2894 plebis
881 2819 951 2876 nihil
964 2838 1052 2876 more·

110 2913 184 2966 runt,
207 2901 296 2957 donec
310 2897 354 2955 M.
370 2895 468 2955 Furius
482 2897 625 2956 ‘Camillus
640 2898 668 2954 in
683 2898 824 2965 Faliscos,
838 2899 883 2954 cui
903 2899 932 2954 id
953 2897 1051 2954 bellam

111 2981 271 3036 mandatum
287 2992 354 3046 erat,
373 2977 600 3054 proficisceretur.
641 2976 806 3034 Differendo
820 2977 921 3034 deinde
935 2976 1051 3052 elanguit

110 3075 172 3116 ras:
191 3072 220 3116 et
231 3059 358 3124 Camillo,
370 3077 453 3132 quem
462 3057 646 3114 adversarium
656 3056 776 3114 maxime
790 3055 960 3123 metuebant,
972 3055 1052 3131 gloria

111 3139 139 3194 iu
154 3137 267 3196 Faliscis
282 3137 376 3194 crevit.
418 3137 500 3204 Nam,
510 3156 595 3212 quum
606 3131 695 3212 primb
709 3136 854 3192 moenibus
867 3155 897 3192 se
908 3133 1002 3192 hostes
1013 3147 1050 3191 te·

111 3231 217 3286 nerent,
232 3216 401 3275 tutissimum
415 3215 443 3271 id
457 3216 517 3283 rati,
533 3215 709 3292 populatione
723 3234 850 3290 agrorum
865 3231 949 3290 atque
963 3215 1051 3273 incen-

148 3332 154 3360 ¹
173 3333 244 3381 Some
253 3329 309 3378 read
317 3333 492 3378 contineantur.
526 3329 614 3377 Others
626 3327 688 3376 refer
699 3333 849 3377 continentur
861 3337 886 3374 to
899 3331 964 3376 urbis
976 3327 1049 3374 alona.

113 3395 171 3462 May
180 3398 351 3448 itnotrelerto
360 3397 528 3446 attentionem?
589 3391 598 3421 ¹
612 3395 675 3444 Such
685 3396 799 3456 elliptical
808 3397 968 3457 expressions,
982 3393 1050 3440 which

111 3479 152 3514 are
163 3477 206 3514 not
217 3467 362 3529 infrequent,
370 3477 426 3526 may
435 3467 465 3512 be
473 3459 538 3512 lllled
548 3476 590 3528 up,
599 3474 625 3514 ut
634 3463 685 3526 ulla
693 3476 731 3512 res
740 3479 802 3529 quae
810 3478 918 3530 unquam
928 3461 976 3510 fuit
984 3463 1049 3511 nort·

111 3543 149 3586 mc
159 3543 228 3597 grata
237 3535 340 3586 senatui·
688 3537 693 3544 '
