2230 3846
121 199 177 258 158
498 198 534 257 Τ.
555 198 664 259 L1V11·
681 199 694 252 'J

117 373 176 419 erat
195 358 280 425 rixae,
301 377 386 434 quum
400 357 542 416 discedere
554 357 709 436 populum
696 358 843 436 jussissent
855 359 968 426 tribuni,
981 361 1069 440 qued·

116 441 213 498 Patres
234 457 263 494 se
282 455 449 494 summoveri
441 436 536 494 baud
549 441 683 496 sinebant.
724 439 785 498 Nee
811 441 867 498 fere
881 442 1002 502 seniores
1015 447 1061 504 rei

115 521 283 584 intererant;
302 517 404 594 quippe
424 537 494 592 quae
512 538 567 576 non
585 518 699 576 consilio
714 520 842 594 regenda,
856 521 906 577 serl
923 525 1062 597 permissa

113 597 260 657 temeritati
281 597 466 672 audaciaeque
486 611 567 656 esset.
609 597 734 655 Multirm
758 611 786 656 et
812 600 939 657 consules
957 621 989 659 se
1010 605 1062 660 ah-

112 679 259 745 stinebnut,
278 695 314 732 ne
334 677 379 733 cni
398 675 427 732 in
441 677 594 736 colluvione
607 697 698 734 rerum
712 677 882 754 majestatem
896 699 978 737 suam
990 701 1060 739 eon-

112 759 242 816 tumeliae
269 754 406 812 offerrent.
447 755 540 812 Kaeso
566 769 625 814 erat
651 757 808 824 Quinctius,
834 759 912 814 ferox
932 758 1059 835 juvenis,

55 841 57 844 ’
113 837 185 914 qual
205 835 347 894 nobilitate
366 835 465 910 gentis,
486 835 540 911 qua
553 836 677 912 coeperis
697 837 885 910 magnitudine
898 851 927 895 et
940 839 1058 896 viribus.

115 919 164 974 Ad
177 937 211 975 ea
221 934 345 981 munera,
360 915 424 971 data
436 935 453 972 a
466 914 538 983 Diis,
555 928 583 972 et
596 917 656 992 ipse
669 915 812 972 addiderat
825 917 912 973 multa
925 919 992 974 belli
1004 920 1057 977 de·

113 1017 185 1064 cora,
198 995 408 1069 facundiamque
421 994 450 1050 in
463 995 540 1060 foro;
559 1008 592 1052 ut
605 1013 695 1059 nemo,
709 998 765 1050 non
778 995 880 1070 linguis,
889 1015 948 1052 non
958 1017 1055 1067 manu,

112 1077 265 1153 promptior
283 1076 312 1132 in
332 1073 443 1131 civitate
462 1073 616 1132 haberetur.
658 1073 724 1141 Hic,
746 1093 832 1150 quum
849 1075 877 1130 in
891 1075 985 1133 medio
1000 1077 1057 1136 Pa·

111 1171 185 1212 trum
206 1155 314 1230 agmine
334 1154 510 1221 constitisset,
530 1155 653 1211 eminens
673 1153 745 1210 inter
764 1153 840 1220 alios,
860 1155 937 1210 velut
955 1175 1056 1214 omnes

110 1237 259 1292 dictaturas
272 1233 483 1308 consulatusque
496 1253 593 1308 gerens
606 1233 635 1289 in
648 1251 715 1289 voce
729 1251 760 1288 ac
774 1233 877 1290 viribus
895 1234 961 1302 suis,
980 1255 1056 1293 unns

110 1316 230 1390 impetus
243 1313 404 1370 tribunicios
424 1313 623 1388 popularesque
638 1311 773 1387 procellas.
783 1313 943 1370 sustinebat.
984 1314 1055 1373 Hoc

99 1395 190 1467 duce,
205 1411 287 1468 saepe
300 1391 372 1467 pulsi
385 1393 444 1448 foro
457 1391 569 1458 tribuni,
581 1392 643 1448 fusa
655 1410 688 1448 ac
700 1391 793 1465 fugata
806 1392 882 1482 plebs
901 1404 952 1448 est.
994 1394 1055 1458 Qui

109 1473 206 1529 obvius
218 1471 316 1536 luerat,
327 1470 463 1526 mulcatus
472 1471 646 1546 nudatusque
655 1469 764 1526 abibat
784 1484 816 1526 ut
824 1484 889 1527 satus
896 1489 1054 1547 appareret

110 1552 134 1608 si
154 1551 195 1608 sic
213 1551 258 1625 agi
278 1551 380 1615 liceret,
395 1549 495 1606 victam
510 1550 598 1624 legem
613 1569 682 1606 esse.
722 1549 805 1615 Tum,
819 1569 904 1625 prope
913 1549 973 1626 jam
988 1572 1054 1628 per-

110 1631 193 1688 culsis
209 1630 269 1688 aliis
287 1629 411 1694 tribunis,
430 1631 467 1686 A.
482 1629 632 1704 Virginius,
652 1648 687 1685 ex
701 1627 817 1702 collegio
830 1649 910 1697 unus,
925 1629 1053 1688 Kaesoni

109 1710 207 1786 capitis
228 1709 301 1764 diem
322 1707 420 1764 dicit².
461 1708 583 1764 Atrox'
576 1707 717 1783 ingenium
737 1709 899 1765 accenderat
922 1729 956 1766 eo
976 1711 1052 1768 facto

107 1789 203 1865 magis,
219 1788 300 1863 quiam
316 1787 675 1844 conterruerat.eoacrii1s
689 1787 796 1844 obstare
804 1787 866 1862 legi
878 1788 983 1862 agitare
992 1791 1052 1866 ple·

107 1869 180 1934 bem,
203 1870 326 1925 tribnrms
346 1865 451 1922 velut
439 1879 516 1942 justo
536 1867 664 1942 persequi
689 1865 769 1922 bello.
811 1866 967 1924 Accusator
992 1871 1051 1945 pati

106 1967 184 2006 reum
199 1967 287 2014 ruere,
301 1946 474 2020 invidiaeque
484 1946 621 2002 flammam
631 1963 663 2002 ac
672 1945 815 2001 materiam
824 1947 985 2004 criminibus
993 1969 1050 2006 sura

107 2025 294 2126 suggerere³.
325 2025 442 2100 legem
434 2025 553 2092 interim,
573 2044 628 2080 non
649 2036 705 2080 tam
726 2025 761 2080 ad
783 2043 860 2100 spem
882 2027 1049 2100 perferendi,

107 2127 189 2182 quam
204 2109 238 2164 ad
252 2103 437 2163 lacessendam
453 2103 589 2160 Kaesonis
602 2103 817 2170 temeritatem,l
814 2123 883 2160 erre.
923 2104 969 2162 Ibi
979 2108 1049 2163 mul·

104 2200 141 2254 ta,
159 2207 241 2262 saepe
254 2185 310 2242 ab
298 2197 444 2260 juventute
454 2183 849 2257 inconsultedictafactaque‚
842 2203 870 2239 ιιι
879 2183 963 2240 unius
974 2184 1049 2243 Kae-

103 2267 177 2322 sonis
191 2277 350 2340 suspectum
367 2263 516 2319 incidunt
509 2263 667 2337 ingenium:
688 2273 781 2318 tamen
794 2263 848 2336 legi
861 2263 1048 2322 resistebatur.

106 2345 145 2400 Et
159 2344 197 2400 A.
212 2343 352 2416 Virginius
365 2342 515 2398 identidem
529 2341 620 2417 plebis
642 2349 649 2376 ‘
664 2341 773 2415 Ecquid
787 2341 894 2398 sentitis
903 2340 975 2416 jam,
989 2364 1046 2412 vos,

104 2433 111 2458 ‘
127 2422 259 2488 Quirites,
270 2420 427 2476 Kaesonem
439 2420 519 2476 simul
530 2421 619 2476 civem
630 2433 659 2477 et
666 2421 765 2492 legem,
780 2427 864 2494 quam
874 2422 986 2495 cupitis,
1000 2422 1047 2481 ha·

104 2513 111 2538 ‘
126 2504 253 2560 berenon
267 2500 372 2576 posse?
393 2500 558 2574 Quanquam
568 2500 635 2575 qnid
646 2519 698 2574 ego
708 2500 796 2574 legem
808 2500 927 2574 loquor?
948 2500 1046 2560 Liber·

104 2582 177 2638 ‘tati
190 2583 289 2648 obstat,
304 2578 399 2636 ornnes
414 2578 577 2653 Tarquinios
591 2579 718 2654 superbiri
736 2592 889 2654 exsuperat
923 2580 1045 2658 Exspec-

105 2669 112 2696 ‘
126 2673 191 2726 tate,
206 2661 272 2716 dum
288 2659 382 2716 consul
396 2671 445 2714 aut
458 2659 576 2714 dictator·
589 2659 644 2724 liat,
660 2677 742 2733 quam
753 2658 888 2732 privatum
899 2660 1007 2717 viribus
1019 2674 1045 2718 et

105 2750 112 2775 ‘
126 2740 241 2797 audaciis
254 2750 412 2814 regnantem
423 2736 538 2794 videtis!
568 2736 896 2810 Assentiebantnrmnlti,
908 2740 1045 2814 ‘pulsatos

105 2828 112 2854 ‘
125 2819 164 2876 se'
179 2831 333 2894 querentes,
347 2831 375 2874 et
388 2817 529 2874 tribunum
543 2816 578 2873 ad
591 2837 650 2874 rem
665 2817 848 2892 peragendam
861 2817 936 2875 ultro
949 2819 1042 2876 incita·

101 2902 176 2957 bant.

143 2977 211 3034 XII.
229 2976 292 3034 Jam
304 2976 398 3032 aderat
406 2974 513 3050 judicio
524 2974 591 3043 dies,
602 2974 813 3051 apparebatque,
825 2971 909 3050 vulgo
920 2974 1040 3034 homines

102 3058 131 3114 in
142 3057 318 3114 damnatione
328 3053 465 3110 Kaesonis
475 3054 628 3112 libertatem
639 3055 683 3129 agi
693 3055 813 3111 credere.
846 3054 1040 3113 Tnmdcmum
1094 3101 1095 3120 ,

103 3149 215 3194 coactus
229 3155 291 3190 cum
307 3135 393 3190 multi
406 3133 568 3207 indignitate
581 3134 726 3208 prensabat
746 3132 899 3207 singules⁴.
941 3131 1040 3211 Seque·
1094 3139 1095 3212 ,

104 3217 203 3274 bantur
216 3213 369 3280 necessarii,
384 3213 520 3288 principes
534 3212 660 3269 civitatis.
701 3212 735 3268 T.
749 3211 897 3274 Quinctius
912 3212 1040 3290 Capitoli·
1094 3273 1095 3282 χ

136 3363 141 3390 ¹
164 3363 242 3420 Scep.
262 3358 315 3416 109,
332 3367 388 3404 note
400 3357 423 3404 t.
566 3355 702 3416 ’Komaria
714 3360 759 3406 dcc.
777 3359 838 3406 lires
852 3375 867 3405 a
883 3357 931 3422 day
948 3359 989 3406 for
1003 3360 1039 3406 the
1094 3379 1095 3420 4

100 3431 154 3477 trial
167 3429 195 3478 of
214 3429 294 3474 Kaeso
306 3441 337 3471 on
350 3441 365 3470 a
376 3424 461 3484 capital
474 3426 568 3487 charge.
672 3427 681 3455 ³
698 3432 837 3482 Accusator,
849 3427 893 3473 dcc.
933 3429 988 3476 The
1002 3442 1038 3474 aa·
1094 3469 1095 3482 ,

101 3513 170 3544 cnser
181 3492 307 3558 permitted
318 3495 360 3538 the
371 3491 502 3538 defendant
513 3501 538 3538 to
549 3494 606 3540 rush
618 3509 649 3540 on
667 3493 693 3541 in
709 3494 746 3542 his
757 3495 849 3540 lawlsss
861 3493 976 3549 violence,
994 3493 1038 3540 and
1094 3545 1095 3552 ἵ

99 3565 177 3610 whilst
188 3566 218 3608 he
229 3560 350 3608 increased
368 3561 407 3605 the
419 3559 489 3605 fleme
501 3560 529 3605 of
543 3561 626 3619 public
638 3559 730 3620 odium,
748 3571 774 3608 to
791 3561 879 3623 supply
890 3561 954 3609 fresh
966 3569 1038 3609 mate·
1094 3593 1095 3608 2

97 3630 153 3677 ·iale
164 3631 201 3678 lor
213 3629 249 3676 his
261 3643 315 3676 own
328 3627 478 3684 accusatione
489 3627 584 3689 against
592 3628 652 3677 him.
755 3630 765 3658 ⁴
783 3630 828 3676 See
838 3645 864 3691 p.
880 3629 934 3686 132,
947 3638 1002 3676 note
1013 3629 1036 3676 3.
1094 3625 1095 3630 ’
