2224 3862
425 237 549 297 LIBER
570 238 624 296 111.
935 229 995 292 223

81 397 189 455 adversus
204 395 307 463 Patres,
321 393 422 472 habere
435 395 589 464 solitaarat,
604 408 715 456 armaet
725 396 826 455 bellum
835 394 991 472 spectabat:

74 491 95 535 at
104 475 238 552 agrestium
253 477 318 551 fuga
331 476 493 552 spoliatique
507 477 534 532 in
545 477 616 552 agria
626 487 655 534 et
663 477 804 541 vulnerati,
814 476 936 532 foediora
946 473 988 539 iia,

75 575 129 630 quse
144 553 356 632 subjiciebantur
376 555 471 623 oculis,
492 557 662 620 nunciantes,
676 569 761 613 totam
777 555 872 612 urbem
886 553 927 610 iria
939 553 990 608 im·

74 635 169 710 plerera.
208 632 241 690 In
263 645 387 692 senatum
402 635 449 692 ubi
463 647 576 692 ventum
590 647 640 703 est,
654 635 694 692 ibi
708 635 813 692 verbio
827 631 989 698 Quinctium

74 733 150 770 onnes
162 713 241 781 versi,
255 725 289 770 ut
302 731 388 770 unum
403 713 538 772 vindicem
553 714 702 791 majestatis
717 713 858 770 Romanae
871 711 971 769 intueri
984 733 992 776 ;

72 805 93 849 et
110 792 234 868 primores
257 793 369 850 Patmm
395 792 535 868 ‘dignam'
560 795 651 851 dicere
673 793 852 851 ‘concionem
874 789 990 868 imperio

21 927 23 938 ,
72 871 216 938 ‘consulari
237 872 348 948 dignam
369 884 411 930 ιοι
430 872 617 930 consulatibus
635 873 776 939 anteactis,
804 871 913 946 dignam
934 869 991 926 vite

72 951 157 1017 ‘omni
177 951 261 1026 plenia
281 950 413 1008 honorum
435 971 517 1028 saepe
534 965 683 1026 gestorum,
697 951 805 1028 saepius
819 951 988 1007 meritorum.

71 1028 154 1086 ‘Alios
173 1029 302 1088 consules
315 1042 363 1088 aut
375 1050 425 1107 per
437 1031 618 1106 proditionem
634 1031 774 1106 dignitatis
790 1031 902 1087 Petrum
916 1027 989 1104 plebi

71 1109 204 1176 ‘adulatos,
218 1123 270 1168 aut
283 1111 379 1167 acerbe
392 1111 496 1168 tuendo
505 1109 569 1185 jura
582 1111 683 1168 ordinis
697 1109 861 1186 asperiorem
876 1109 1000 1168 domm.

70 1188 114 1244 ‘do
131 1189 333 1246 multitudinem
354 1189 468 1247 fecisse:
490 1189 524 1247 T·
544 1189 705 1254 Quinctium
720 1189 869 1246 orationem
884 1204 988 1244 memo·

70 1271 131 1324 'reru
150 1268 303 1345 majestatis
323 1269 445 1337 Parrum,
461 1269 676 1344 concordiaeque
690 1269 825 1334 ordinum,
840 1279 869 1324 et
883 1279 1000 1342 tempo-1

69 1351 134 1404 ‘rum
152 1347 181 1404 in
201 1347 299 1423 primis
320 1345 456 1404 habuisse.
497 1347 585 1406 Orare
605 1367 668 1405 eum
690 1348 884 1424 collegamque,
899 1357 930 1402 ut
943 1363 988 1402 ca-

69 1429 212 1500 ‘pensarent
221 1425 440 1502 rempublicam:
461 1444 537 1484 orare
550 1427 675 1485 tribunos
685 1424 702 1495 ¹,
717 1440 748 1485 ut
758 1446 813 1484 nno
823 1427 914 1484 animo
924 1443 998 1482 cum-

68 1507 227 1564 ‘oonsnlibus
248 1505 352 1562 bellum
372 1507 406 1563 ab
426 1507 493 1564 urbe
513 1525 546 1564 ac
560 1505 864 1583 moenibuspropulsari
877 1503 987 1572 vellent,

68 1584 237 1661 'plebemque
259 1585 432 1643 obedientem
452 1585 479 1642 in
499 1605 529 1643 re
543 1597 598 1644 tam
613 1585 720 1662 trepidi
735 1586 861 1643 Patribus
874 1583 996 1661 praebe-v

68 1669 148 1722 ‘rentt
168 1664 307 1742 appellare
320 1665 444 1722 tribunos
460 1684 634 1723 communem
645 1665 758 1742 patriam
770 1666 790 1734 ²,
802 1664 989 1739 auxiliumque

68 1746 164 1800 ‘eorum
191 1744 348 1820 implorare,
375 1743 486 1802 vastatis
510 1745 590 1820 agris,
611 1746 680 1802 urbe
701 1765 787 1822 prope
813 1741 986 1821 oppugnatis.¹

69 1818 192 1880 Conmusu
210 1823 335 1880 omnium
356 1823 479 1881 delectus
496 1824 651 1882 decernitur
674 1822 853 1898 habeturque.
893 1824 986 1888 Quam

67 1903 172 1962 consules
183 1904 211 1960 in
221 1902 354 1960 concione
363 1903 595 1978 pronunciassent,
614 1903 754 1978 ‘Tempus
762 1923 816 1960 nou
825 1923 886 1961 esse
893 1921 988 1960 causas

67 1981 276 2058 ‘cognoscendh
295 2001 390 2039 omnes
410 1982 544 2058 juniores*
556 1994 666 2058 postero
693 1981 738 2039 die
765 1982 852 2056 prima
877 1982 939 2039 luce
959 1983 988 2038 in

67 2063 168 2138 ‘campo
189 2061 297 2118 Martio
317 2061 459 2127 adessent,
480 2060 678 2137 cognoscendis
699 2059 788 2118 causis
812 2079 916 2127 eornm,
940 2060 987 2134 qui

67 2141 183 2200 ‘uomina
202 2160 259 2198 non
280 2140 428 2210 dedissent,
450 2141 521 2198 bello
540 2141 664 2217 perlecto
683 2159 713 2196 se
736 2141 847 2196 daturos
861 2151 989 2215 tempusa

66 2222 123 2292 ‘pro
138 2221 278 2278 desertore
291 2219 423 2287 laturum,
444 2221 524 2296 cujus
537 2239 591 2276 non
606 2218 767 2296 prebuissent
780 2238 888 2276 causam
898 2217 914 2276 :’
929 2237 988 2276 om·

63 2297 97 2352 nis
108 2297 241 2375 juventus
253 2299 341 2356 adluit
354 2311 465 2375 postero
478 2300 531 2356 die.
573 2297 708 2357 Co'bortes
721 2298 773 2355 sibl
787 2318 910 2375 quaeque
924 2318 986 2356 cen·

62 2377 168 2436 turinnes
181 2379 328 2454 legerunt:
351 2379 407 2434 bini
420 2391 559 2436 senatores
572 2378 685 2454 singulis
699 2377 856 2438 cohortibus
873 2397 987 2454 praepo·

64 2454 107 2512 titi.
142 2458 226 2516 Haec
240 2457 331 2514 omnia
344 2453 413 2515 adab
427 2460 533 2514 mature
547 2461 666 2534 perlecta
679 2459 843 2536 accepimus,
857 2473 889 2514 ut
902 2459 986 2532 signa,

63 2551 90 2591 eo
105 2537 161 2613 ipso
185 2537 232 2594 die
255 2557 271 2593 a
288 2537 476 2612 quaestori-bus
490 2557 525 2594 ex
538 2537 641 2595 aerario
660 2552 787 2614 prompta
803 2537 946 2611 delataque
959 2537 988 2592 in

63 2633 186 2692 europam,
208 2616 369 2691 quartbdiei
383 2616 449 2673 horai
463 2631 537 2674 mota
550 2637 584 2676 ex
598 2637 696 2693 campo
710 2617 780 2682 sint;
797 2618 987 2691 exercitusque

63 2711 145 2764 roras,
165 2695 263 2774 paucis
277 2693 434 2752 cohortibus
449 2709 571 2753 veterum
587 2697 704 2753 militum
720 2696 859 2752 voluntate
872 2715 985 2771 sequen·

62 2772 130 2844 tibus,
144 2775 277 2834 manserit
289 2775 324 2832 ad
337 2775 474 2832 decimum
483 2775 611 2852 lapidem.
652 2775 802 2848 Insequens
811 2775 869 2832 dies
880 2774 986 2833 bostem

62 2850 276 2933 inconspectum
299 2854 384 2921 dedit,
408 2845 549 2929 castraque
568 2855 603 2912 ad
626 2854 790 2912 Corbionem
811 2855 905 2912 castris
923 2869 988 2912 sunt

62 2932 204 3010 conjuncta.
245 2933 341 2992 Tertio
360 2933 414 3000 die,
435 2953 519 3009 quum
539 2934 579 2992 ira
600 2934 748 3000 Romanor,
763 2933 832 3001 illos,
847 2955 931 3010 quum
946 2948 987 2992 to·

61 3010 104 3068 ties
121 3014 306 3080 rebellissent,
324 3012 493 3074 conscientia
511 3013 608 3090 culpae
632 3031 665 3070 ac
687 3013 841 3090 desperatio
860 3015 993 3084 irritaret,

60 3108 124 3150 nora
137 3093 286 3152 dimicandi
299 3093 375 3150 nulla
387 3104 430 3150 est
443 3093 522 3150 lacta.

91 3169 182 3230 LXX.
201 3172 235 3230 lu
249 3171 372 3230 exercitu
387 3171 514 3230 Romano
527 3189 612 3246 quum
625 3171 682 3229 duo
694 3172 819 3230 consules
833 3186 925 3232 essent
938 3193 993 3250 pov

61 3257 147 3311 tutata
160 3253 237 3330 pari;
256 3252 330 3328 quod
350 3250 557 3310 saluberrimum
577 3251 606 3308 in
625 3251 859 3310 administratione
876 3271 993 3328 magua-¹

89 3397 102 3463 Ἰ
113 3399 184 3448 From
196 3399 243 3447 this
253 3414 353 3462 passage
366 3397 453 3449 Duker
464 3397 540 3444 infers
547 3400 598 3446 that
609 3401 649 3446 the
661 3397 768 3448 tribunes
777 3397 822 3446 had
833 3401 862 3458 by
873 3397 993 3448 thistime.

61 3477 125 3514 assat
136 3468 161 3516 in
173 3469 213 3514 the
224 3477 312 3514 senate.
387 3461 397 3490 ²
415 3465 507 3518 Either,
516 3465 645 3528 according
657 3476 682 3512 to
697 3465 805 3526 Ruperti,
816 3465 865 3508 that
877 3463 931 3522 they
943 3472 993 3523 ap:

60 3533 133 3591 pealed
145 3545 171 3583 to
181 3537 221 3582 the
232 3535 349 3592 tribunes,
365 3531 522 3593 constituting
539 3548 553 3578 a
570 3543 622 3592 part
633 3533 662 3579 αι’
675 3533 735 3580 their
747 3543 855 3578 common
875 3539 985 3591 country,

59 3615 88 3660 or,
99 3617 163 3652 more
174 3602 297 3666 probably,
307 3602 358 3650 that
366 3597 428 3650 their
436 3611 547 3648 common
556 3609 659 3662 country
665 3596 778 3662 appealed
788 3605 813 3642 to
822 3595 861 3641 the
870 3593 984 3646 tribunes.
