2230 3846
110 193 148 248 92
506 187 541 246 Τ.
563 186 663 246 LIVII

110 347 247 425 quiuiomr
262 357 446 405 οιιοιιιοιιιοιιι
466 365 497 403 se
518 346 546 404 iu
562 346 652 422 primis
670 345 796 404 exsulum
810 346 882 416 soie,
898 349 1056 407 domestici

111 428 194 486 etiem
208 426 296 503 gloriis
314 446 453 491 accensus,
475 437 515 490 ut,
536 424 615 501 cujus
635 425 752 483 familiae
772 426 857 483 decus
873 426 962 504 ejecti·
974 448 1057 504 *reges

111 518 197 574 erent,
211 506 335 582 ejusdem
348 505 486 562 interfecti
495 505 585 561 forent
593 504 611 572 ¹,
623 504 718 562 subdit
730 505 845 562 colouris
855 525 938 581 equo,
948 519 979 564 et
988 507 1055 564 Tar·

111 585 237 662 quinium
257 585 357 642 infesto
377 585 483 660 spiculo
502 584 582 659 petit-
623 583 789 658 Tarquinius
808 581 882 641 retrb
902 586 932 642 in
956 606 1055 660 agmen

110 684 226 722 suorum
239 665 346 720 infenso
359 663 445 720 cessit,
454 661 536 719 hosti.
577 661 727 729 Valerium,
746 675 852 722 temere
865 664 1008 722 invectum
1028 667 1054 722 in

110 745 237 802 exsulum
251 743 351 810 eciem,
362 762 397 800 ex
411 753 565 798 transuerso
578 741 691 816 quidem
702 742 814 800 adortum
827 744 983 819 transfigit:
1005 764 1055 801 nec

109 823 258 899 quicquum
269 821 370 897 equitis
380 822 492 878 vulnere
505 839 579 895 equo
592 822 739 889 retardatur
753 822 934 880 moribundus
951 823 1053 880 Romu·

110 893 163 960 uiue
176 901 332 960 lnbentibus
345 921 429 977 super
441 919 541 976 corpus
555 900 646 967 ermis,
664 901 700 958 nd
715 912 815 958 terrsm
830 901 957 958 defluxit.
986 901 1053 958 Dic·

110 995 183 1040 tator
197 981 365 1046 Postumius,
380 991 526 1055 postquem
539 979 671 1036 cecidisse
682 979 875 1046 tulerovimm,
889 981 1003 1038 exsules
1016 982 1053 1036 fe·

110 1061 213 1118 reciter
225 1059 310 1118 citnto
323 1059 432 1134 egmiue
452 1057 554 1124 invehi,
574 1077 639 1114 suos
656 1059 796 1134 perculsos
812 1060 913 1116 cedere
929 1061 1052 1117 unimod-

110 1140 209 1207 vertit;
229 1138 335 1196 cohorti
349 1157 424 1205 sune,
445 1157 529 1212 quum
548 1137 682 1194 delectum
696 1157 810 1194 monum
822 1138 954 1213 praesidii
973 1140 1053 1196 censi

110 1221 183 1277 circe
196 1239 226 1276 se
240 1216 370 1283 hubebstr
380 1218 427 1274 det
437 1217 555 1292 signum,
566 1225 623 1281 ίιιι,
633 1235 716 1291 quem
727 1235 840 1274 suorum
848 1217 1005 1290 fugientem
1016 1219 1051 1273 vi-

111 1298 233 1363 ‘derint
254 1317 305 1373 pro
324 1294 403 1353 hoste
423 1294 558 1353 hebecut!
599 1295 643 1352 lte
659 1309 735 1352 metu
748 1296 860 1372 ancipiti
874 1297 948 1354 versi
962 1298 1051 1371 elugi

111 1376 233 1434 Romani
243 1376 271 1432 in
285 1375 402 1439 hostem,
413 1374 579 1431 etrestituto
591 1375 673 1431 scies.
714 1372 821 1432 Cohors
834 1377 980 1434 dictatoris
994 1389 1050 1432 tum

110 1456 229 1532 primum
239 1455 373 1530 proelium
387 1453 457 1510 iniit.
496 1453 615 1528 integris
623 1453 784 1528 corporibus
791 1455 955 1530 animisque,
968 1456 1050 1512 fessos

110 1535 200 1592 adorti
213 1533 331 1600 exsulse,
345 1533 472 1590 caedunt.
506 1531 550 1589 lbi
564 1532 617 1590 ulis
629 1532 701 1590 inter
709 1552 836 1607 proceres
846 1540 942 1592 eobrta
953 1553 1049 1609 pugno.

110 1613 265 1690 Imperator
278 1611 404 1678 Latinus,
418 1611 466 1668 uhi
479 1610 620 1668 cohortem
634 1612 760 1668 exsulum
771 1613 933 1670 ndictctore
949 1614 1047 1670 Romo·

110 1712 149 1750 ne
161 1711 248 1768 prope
262 1691 477 1748 circumventam
491 1691 568 1756 vidit,
590 1710 625 1746 ex
643 1691 812 1748 subsidiariis
829 1693 986 1767 manipulos
1002 1692 1047 1748 sli-

110 1785 179 1847 quot
199 1772 227 1827 in
240 1771 356 1846 primum
370 1771 457 1827 aciem
478 1788 571 1826 secum
590 1769 670 1844 repit.
711 1769 775 1826 Hos
788 1771 897 1844 sgmine
910 1773 1048 1828 venientes

111 1851 146 1908 Τ.
156 1850 319 1909 Herminius
328 1849 436 1923 legatus
444 1849 626 1924 conspicatus,
636 1848 761 1922 interque
772 1869 819 1906 eos
829 1850 965 1924 insignem
973 1862 1047 1906 ‹veste

110 1931 248 2006 armisque
262 1927 419 1985 Mamilium
433 1929 581 1992 noscitans,
600 1922 678 1984 tnntb
692 1929 718 1984 vi
731 1927 844 2003 majore,
862 1928 946 2003 quim
961 1929 1047 2004 poullb

109 2007 318 2084 eote-magister
331 2008 465 2082 equitum,
486 2027 549 2064 cum
563 2005 685 2062 hostium
692 2007 770 2064 duce
784 2007 918 2081 proelium
934 2009 1003 2073 iniit,
1018 2021 1046 2062 ut

109 2103 139 2147 st
152 2107 208 2146 uuo
221 2089 277 2149 ictu
292 2087 453 2144 transfixum
467 2106 517 2162 per
529 2087 601 2142 letus
614 2086 747 2142 occiderit
760 2086 928 2154 Mamilium,
949 2088 1045 2162 etipse

108 2168 182 2226 iuter
192 2167 367 2244 speliendum
379 2185 479 2242 corpus
492 2163 578 2222 hostis
589 2177 685 2221 veruto
699 2184 853 2240 percussus,
863 2185 951 2240 qrmm
966 2167 1045 2222 victor

109 2248 138 2304 in
152 2259 241 2304 castro
254 2258 327 2302 esset
339 2245 449 2312 relatus,
463 2245 535 2300 inter
548 2244 664 2319 primum
678 2244 847 2302 curationem
861 2245 1042 2320 exspiraverit.

109 2326 183 2382 Tum
198 2325 234 2381 od
247 2324 354 2398 equites
368 2324 486 2380 dictator
498 2323 616 2389 advolet,
635 2324 783 2388 obtestans,
802 2337 834 2380 ut
847 2325 919 2381 sesso
928 2323 986 2400 jem
1000 2341 1042 2398 pe·

109 2405 176 2472 dite,
190 2403 359 2461 descendent
372 2421 406 2458 ex
421 2403 507 2476 equis,
528 2415 557 2458 et
572 2421 692 2476 pugnem
707 2416 860 2476 capessenti
899 2402 987 2460 Dicto
999 2421 1040 2476 pn·

108 2503 204 2540 ruere:
226 2480 357 2538 desiliunt
369 2501 405 2538 ex
418 2481 504 2554 equis,
519 2481 665 2556 provolant
681 2481 708 2536 in
722 2482 851 2556 primum,
866 2494 894 2539 et
908 2501 959 2556 pro
972 2495 1040 2538 unte·

107 2562 247 2638 signsnis²
268 2579 378 2636 parmas
396 2559 539 2635 objiciunt.
581 2559 693 2635 Recipit
712 2561 852 2636 extemplo
864 2561 985 2618 animum
999 2579 1040 2635 pe·

107 2642 207 2698 destris
224 2641 306 2703 ecies,
321 2653 465 2714 postquem
477 2638 629 2714 juventutis
645 2637 792 2714 proceres³
806 2652 925 2714 aequato
942 2658 1036 2715 genere

107 2740 215 2797 pugnae
235 2738 329 2778 secum
348 2731 454 2794 portem
476 2717 590 2792 periculi
608 2719 775 2776 sustinentes
789 2719 865 2776 vidit.
907 2719 983 2776 'lum
998 2718 1039 2774 de·

106 2819 183 2856 mum
197 2799 308 2875 impulsi
318 2796 419 2864 Latini,
431 2797 612 2872 perculsaque
625 2797 765 2854 inclinavit
778 2798 860 2854 ecies.
888 2797 984 2872 Equiti
997 2796 1038 2852 nd·

106 2880 175 2936 moti
195 2879 268 2954 equi,
288 2890 321 2934 ut
337 2877 464 2953 persequi
478 2873 585 2932 hostem
600 2888 701 2951 posset·
743 2876 845 2933 Secuto
864 2889 892 2932 et
912 2875 1038 2952 pedestris

105 2959 187 3017 scies.
227 2957 279 3026 Ibi,
293 2955 362 3014 nihil
375 2975 427 3014 uec
440 2955 550 3012 divinae
559 2975 610 3012 nco
620 2953 756 3012 humanos
767 2957 828 3031 opis
842 2955 962 3014 dictator
969 2974 1035 3032 pree·

137 3071 144 3099 ¹
166 3074 205 3127 Ut,
217 3070 295 3134 cujus.
326 3068 361 3116 Ut
372 3066 571 3128 interlectireges
582 3065 661 3114 forent
672 3069 744 3114 decus
755 3064 865 3128 ejusdem
877 3065 988 3122 familiae,
1000 3077 1036 3110 cu·

101 3139 143 3202 jus
151 3137 257 3184 familiae
265 3136 342 3184 deon
353 3135 422 3198 ejecti
432 3149 502 3196 reges
513 3143 589 3186 erunt,
602 3134 653 3180 thet
664 3134 704 3180 the
715 3133 784 3195 glory
796 3133 825 3180 os
832 3134 923 3196 lroving
935 3133 991 3180 slsiu
1003 3133 1036 3176 the

103 3206 170 3268 roysl
181 3205 266 3265 family
277 3201 365 3251 should
374 3201 465 3263 belong
476 3211 502 3248 to
513 3203 553 3247 the
563 3216 629 3247 seme
640 3216 694 3246 rece
705 3211 730 3247 to
742 3200 819 3248 which
831 3201 871 3246 the
882 3202 951 3262 glory
963 3201 990 3248 of
1001 3200 1035 3244 hs·

103 3275 163 3336 ring
172 3271 283 3334 expelled
295 3272 360 3317 them
372 3268 499 3331 belonged,
517 3268 561 3314 viz.
576 3278 602 3314 to
611 3269 650 3318 the
663 3267 762 3325 Valerii,
781 3269 835 3313 who
851 3267 897 3316 hod
910 3265 1002 3316 ossisted
1013 3265 1033 3310 in

103 3341 228 3402 expelliug
237 3341 277 3386 the
290 3338 419 3399 Tsrquios.
487 3336 496 3363 ⁹
514 3341 561 3384 Pro
573 3339 741 3397 antesignanis.
780 3335 877 3396 Taking
889 3337 929 3384 the
941 3337 1004 3396 ploce
1013 3331 1037 3378 ol

102 3411 146 3455 the
159 3410 226 3456 front
242 3407 298 3461 line,
315 3405 363 3452 rim
381 3405 410 3450 ol
426 3404 492 3450 those
508 3405 561 3450 who
578 3404 648 3450 stood
664 3403 744 3449 before
761 3404 801 3449 the
818 3402 949 3456 standards.
968 3400 1034 3448 ulrich

104 3491 166 3524 vere
177 3474 261 3536 placed
272 3471 360 3520 behind
372 3471 411 3518 t'or
422 3471 505 3532 sst'ety.
573 3471 583 3499 ⁸
598 3474 734 3521 Juventutir
741 3488 857 3534 proceres.
896 3472 949 3518 'l'be
962 3481 1034 3535 young

104 3544 239 3602 uobhmen,
252 3544 291 3590 the
303 3539 409 3602 knights.
448 3539 490 3586 See
504 3539 525 3586 l.
541 3536 580 3586 43.
