2224 3862
930 253 990 311 tta

71 411 187 470 ‘labem'
225 411 301 469 Tum
315 409 441 480 dictator,
456 417 466 448 ⁴
479 411 593 472 Macte¹
607 411 726 482 virtuta,’
740 410 839 490 inquit,¹
853 417 866 449 ‘·
877 413 911 471 C.
926 411 990 472 Sor·

69 492 129 558 ‘vili
142 501 206 558 mlo,
219 491 337 549 liberati
349 491 506 569 republicb!
606 505 615 522 ’

99 570 152 627 XV.
174 570 403 632 Tumultunntem
421 572 523 630 deinde
546 570 751 630 multitudinem
770 571 875 630 incerti
894 572 989 631 existi·

69 650 167 708 notione
179 651 254 719 facti,
268 652 305 710 nd
318 652 480 709 concionem
489 653 583 710 vocari
589 651 689 727 jussit3
709 663 747 716 et,
763 659 771 686 ‘
785 651 921 710 Maelium
926 652 990 730 jure

69 729 197 797 ‘cresum’
211 731 412 807 pronunciavit,
428 739 435 765 ‘
449 731 532 789 etiam
547 730 657 807 airegni
666 731 779 788 crimine
788 731 991 799 inaonsfnerit;

68 811 120 884 ‘qni
132 823 244 868 vocatus
258 831 275 868 a
291 811 422 886 magistro
435 811 560 886 equitnm
574 811 610 868 ad
623 811 785 868 dictatorem
795 831 850 868 non
860 812 990 869 venisset.

67 887 113 946 ‘Se
123 890 156 946 nd
168 909 281 947 cauum
296 893 513 966 cognoscendam
528 891 701 957 coneedisee;
721 890 902 968 quhcognitb,
913 891 991 949 bebi·

65 969 160 1026 ‘tumin
173 970 260 1026 fuisse
275 969 410 1027 Maelium
424 970 541 1026 similem
556 989 654 1028 caueae
667 971 815 1027 fortunam.
856 970 920 1028 Vim
941 991 990 1048 pe·

65 1053 182 1117 ‘tantem
196 1069 233 1107 ne
242 1048 351 1126 judicio
363 1069 394 1107 ao
407 1050 601 1115 committeret,
613 1050 641 1106 vi
654 1050 805 1108 coercitum
819 1069 888 1107 enee.
928 1050 991 1107 Nec

15 1183 17 1194 ‚
65 1133 132 1184 ‘cnm
150 1149 193 1194 eo,
214 1142 347 1204 tunquam
367 1147 431 1187 cum
451 1129 520 1196 cive,
535 1130 672 1205 agendum
685 1130 786 1198 fnieee;
806 1130 854 1206 qni
868 1140 948 1187 nutus
962 1131 991 1186 in

65 1206 153 1266 ‘libero
165 1209 272 1285 populo
284 1209 357 1266 inter
364 1209 429 1286 jura
440 1209 579 1284 legesque.
592 1227 627 1266 ex
641 1209 696 1284 qut
708 1211 777 1266 urbe
790 1228 869 1282 reges
878 1221 992 1267 exactos

15 1287 17 1316 ³
64 1287 158 1356 ‘sciret
177 1290 335 1364 eorlemque
354 1307 427 1346 anno
447 1289 549 1346 sororia
561 1288 631 1346 filine
644 1289 725 1366 regie,
740 1289 790 1346 etl
811 1289 911 1346 liberos
925 1307 991 1346 oon·

15 1437 16 1440 Ἴ
63 1367 135 1423 ‘rulo
151 1368 307 1426 liberatoris
323 1369 436 1444 petrice,
456 1379 570 1446 propter
588 1369 744 1444 pactionem
758 1369 906 1426 indicatam
921 1369 991 1426 reci·

15 1467 16 1488 ³
63 1447 230 1522 ‘piendorum
253 1449 281 1504 in
294 1447 391 1506 urbem
405 1467 512 1524 regum,
526 1468 544 1506 a
557 1461 634 1525 patro
648 1449 738 1506 securi
752 1467 814 1506 eece
825 1467 971 1524 percussor
985 1471 993 1516 ς

15 1551 16 1592 ,
63 1531 106 1582 ‘ex
123 1527 175 1602 quai
189 1527 361 1586 Collatinum
377 1527 560 1603 Tarquinium
574 1529 718 1586 consulem
731 1528 852 1586 nominis
866 1527 931 1585 odio
944 1528 993 1586 ab·

15 1623 16 1628 ¹
62 1603 155 1664 ‘dicore
168 1607 377 1682 reimaginata
391 1620 475 1682 utque
488 1607 612 1666 exsulare
621 1608 730 1686 jueenm
741 1607 762 1678 ³,
781 1608 809 1664 in
824 1608 879 1684 qnia
892 1607 928 1666 de
943 1608 992 1684 Sp.
1096 1659 1097 1664 ,

61 1688 67 1716 ‘
78 1683 161 1742 Cestio
171 1685 198 1754 ⁴,
209 1700 276 1763 pont
283 1687 389 1763 aliquot
402 1707 496 1753 annos,
511 1699 624 1764 propter
636 1689 751 1746 consilia
764 1687 832 1745 inita
846 1688 881 1745 de
894 1707 990 1764 regno,

62 1766 234 1842 ‘rupplininm
254 1779 415 1842 sumptuum
434 1765 462 1824 in
482 1767 537 1843 qui
554 1787 644 1846 nuper
657 1767 827 1826 decemviros
841 1768 929 1833 bonis,
944 1787 993 1824 ex·

62 1843 137 1915 ‘elliu
148 1847 246 1924 capite
256 1847 404 1905 mulctator
416 1848 454 1904 ob
467 1847 624 1923 superbiam
638 1847 751 1924 regiam,
765 1848 794 1903 in
804 1847 837 1904 cb
849 1847 897 1924 Sp.
909 1846 992 1904 Mae·

61 1921 120 1981 ‘lior
138 1945 218 2002 opem
243 1926 322 2000 regni
345 1926 510 2002 conceperit.
551 1925 591 1984 Et
612 1927 674 2002 quie
701 1927 808 1984 bomo?
834 1945 992 2002 quanquam

61 2004 167 2062 ‘eninm
180 2005 363 2072 nobilitatem,
378 2005 468 2062 nullos
480 2003 606 2073 honores,
620 2007 695 2062 nullu
709 2007 805 2062 merita
817 2005 945 2080 cuiquem
956 2007 993 2062 nd
1096 2057 1097 2072 ,

61 2082 286 2142 ‘humationem
298 2087 419 2162 pandere
432 2085 521 2152 vinm3
541 2086 592 2142 ned
605 2097 699 2143 tamen
714 2085 855 2149 Claudios,
868 2083 990 2151 Cassios,

60 2165 269 2231 ‘consummm-
285 2163 525 2229 memoratione,
546 2165 605 2222 suis
623 2164 814 2242 majorumque
832 2160 991 2231 bonoribus,

60 2243 212 2317 ‘splendore
233 2243 395 2302 familiarum
417 2245 562 2302 anotuliaoe
581 2244 696 2312 animoa,
717 2245 773 2322 qub
794 2245 873 2301 nelno
890 2243 990 2300 fuerit:

59 2321 117 2398 ‘Sp
137 2323 284 2390 Maelium,
306 2324 351 2382 cui
370 2324 527 2383 tribunatus
545 2324 633 2402 plebis
646 2325 733 2402 magis
747 2323 892 2400 optandus,
908 2323 992 2399 quim

59 2405 227 2478 ‘operandum
251 2403 342 2471 luerit,
369 2403 578 2462 frumentorium
605 2403 729 2470 divitem,
756 2403 862 2463 bilibris
888 2402 990 2462 farrin⁵

58 2484 190 2556 ‘metisse
210 2483 367 2541 libertatem
387 2503 418 2541 ee
438 2485 540 2542 civium
558 2503 671 2541 auorum
686 2485 795 2553 emitae,
810 2485 928 2559 ciboque
942 2485 991 2541 ob·

57 2558 185 2636 ‘jiciendo
205 2576 297 2621 retum
311 2564 443 2621 victorem
464 2565 645 2622 finitimorum
663 2566 786 2621 omnium
807 2565 944 2641 populum·
962 2563 991 2620 in

58 2643 230 2702 ‘servitutem
249 2643 345 2720 perlici
365 2661 463 2719 posse:
487 2657 528 2710 ut,
549 2661 632 2720 quem
651 2657 805 2702 senatorem
818 2663 991 2719 concoquere

57 2720 162 2780 ‘civitae
176 2723 223 2780 vix
237 2735 340 2798 posset,
354 2741 447 2798 regem
461 2724 554 2790 ferret,
570 2723 684 2780 Romuli
698 2724 858 2790 conditoria,
875 2725 910 2780 ab
924 2721 990 2780 Diis

57 2803 129 2869 ‘orti
148 2803 256 2879 recepti
274 2804 310 2859 ad
330 2802 417 2870 Dece,
438 2803 556 2879 insignia
575 2817 658 2877 atque
672 2803 819 2880 imperium
833 2802 990 2862 habentem.

56 2878 132 2938 ‘Non
152 2903 204 2960 pro
223 2882 326 2940 scelere
345 2883 374 2938 id
395 2883 490 2958 magis,
512 2884 594 2959 quim
616 2901 666 2957 pro
676 2897 808 2946 monstro,
823 2881 991 2940 habendum.

55 2957 130 3020 ‘Nec
148 2963 215 3020 aetia
236 2981 296 3019 esse
316 2964 449 3037 sanguiue
465 2962 525 3039 ejus
539 2963 690 3038 expiatum,
705 2962 756 3018 nisi
771 2975 845 3020 tecta
858 2963 990 3039 parietes·

55 3043 129 3113 ‘que,
149 3043 221 3100 intra
241 3061 313 3116 quaa
327 3054 433 3100 tuntum
448 3043 583 3102 amentiae
598 3053 762 3120 conceptum
778 3056 860 3112 essct,
874 3043 990 3120 dissipa·

82 3197 331 3264 ¹Seep.8⁴1‹,noteb.
408 3197 710 3266 'Sororisflb'ooreginec
749 3200 851 3250 Itomae
862 3200 991 3250 wnrdnnre

52 3277 89 3312 rtot
97 3284 127 3316 an
138 3269 315 3331 interpolation,
330 3267 398 3330 Livy,
410 3269 485 3317 eitber
495 3271 599 3332 through
611 3269 784 3334 forgetfnlncss
792 3287 821 3318 or
827 3271 993 3325 carelessness,
1096 3271 1097 3280 ¹

55 3347 102 3382 uses
110 3339 149 3385 the
158 3339 290 3403 wordsdios
300 3337 338 3384 for
348 3349 449 3400 nepotes,
462 3353 489 3384 us
499 3338 539 3384 the
549 3352 605 3384 sone
616 3337 646 3384 of
661 3337 769 3400 Tarquin
780 3354 843 3386 were
852 3337 892 3385 the
903 3336 996 3398 grand-

55 3415 111 3464 sona,
122 3416 166 3454 not
176 3409 219 3454 the
226 3422 291 3456 sons.
304 3405 333 3452 of
341 3405 380 3451 the
392 3405 474 3468 kiug's
483 3405 558 3450 sister.
597 3404 712 3467 Sigonius
723 3405 813 3465 applies
825 3406 865 3450 the
876 3403 956 3450 words
966 3411 992 3450 tn

53 3469 205 3535 thenepbews
214 3475 244 3522 of
254 3473 395 3522 Collatinus.
466 3471 619 3520 ⁸Se011.2.
686 3471 856 3519 ⁴Se011.tl.
926 3471 994 3518 5Βί-

54 3542 263 3610 lihvissurrr'rstwo
275 3539 371 3602 pontida
382 3541 411 3587 ot'
419 3539 482 3588 llour
493 3548 518 3586 to
536 3541 592 3586 ench
610 3554 675 3586 man.
713 3537 785 3585 Mark
802 3537 849 3586 this
860 3535 934 3598 proof
941 3537 995 3584 thet

54 3607 89 3658 the
100 3612 205 3660 ancients
215 3607 333 3675 weigbed,
345 3623 371 3656 as
383 3607 437 3655 well
449 3623 475 3655 un
485 3606 619 3664 mensuum,
632 3606 693 3653 their
703 3605 781 3668 grain.
880 3673 882 3677 Ι
