2224 3862
40 216 45 222 ’
111 226 171 284 220
272 211 276 217 ³
481 273 484 280 .
502 223 536 283 T.
558 224 681 284 LIVII'

110 383 285 461 praeduram,
298 387 306 417 ‘
319 381 429 440 biennio
440 381 449 416 ¹
463 394 527 442 eute
541 383 678 442 delectum
690 383 824 442 indictum
833 385 929 444 baberi
940 405 994 444 non
1003 407 1060 464 po·

112 475 119 498 ⁶
134 462 229 530 tuisse,
242 463 381 520 abnuente
390 461 448 539 jam
462 463 543 539 plebe
557 463 712 540 imperinm.
756 460 797 521 Εὸ
810 467 942 522 aduersus
955 487 985 524 se
998 487 1061 524 non

111 547 195 599 ‘esse
214 541 312 600 missos
328 541 474 600 exercitus.
514 542 638 600 Dissolvi
655 543 766 610 licentii
785 545 922 602 militandi
938 565 1058 603 morem.

111 627 119 656 ‘
134 619 196 679 Neo
208 640 259 697 pro
272 621 413 679 communi
420 621 480 697 jam
493 623 582 698 patriti
596 623 714 680 Romam
729 642 799 680 esso.
839 624 985 699 Quicquid
1003 625 1059 682 ira·

111 707 119 736 ‘
133 720 195 758 rum
208 700 433 776 simultatumque
447 720 510 758 cum
524 701 644 758 externis
658 701 750 769 fuerit,
764 703 793 758 in
807 703 880 778 ipsos
890 703 971 760 verti.
1000 703 1059 762 Oc·

111 786 119 815 ‘
133 791 257 837 caecatos
277 778 358 856 lupos
370 780 500 837 intestinis
513 780 588 838 rsbie
601 781 774 857 opprimendi
788 783 962 840 occasionem
977 783 1061 840 esse.r

112 859 275 938 Conjunctis
295 859 459 916 exercitibus
481 858 612 917 Latinum
629 860 747 937 primirm
768 880 863 936 agrum
878 862 1059 938 perpopulati

110 951 193 997 sunt:
213 939 313 996 deinde
326 950 472 1015 postquam
486 937 524 996 ibi
537 959 619 996 nemo
633 939 733 997 vindex
748 942 917 1008 occurrebat,
933 953 995 1000 tntu
1009 961 1059 1000 ve-

109 1021 150 1087 rb,
164 1017 364 1077 exsultantibus
377 1017 443 1076 belli
455 1018 622 1086 auctoribus,
637 1019 672 1076 ed
686 1019 795 1076 moenie
808 1021 867 1096 ipsa
882 1020 993 1078 Romae
1005 1040 1059 1097 po·

109 1097 261 1176 pulebundi
278 1097 389 1174 regione
409 1110 504 1173 portae
525 1097 685 1172 Esquilinae
705 1117 853 1164 accessere,
872 1099 1061 1156 vastationem

109 1197 237 1255 agrorum
250 1196 300 1253 per
312 1176 507 1234 contumeliam
522 1178 583 1234 urbi
593 1189 771 1236 ostentantes.
812 1179 895 1238 Unde
904 1191 1061 1254 postquam

109 1259 199 1324 inulti,
219 1257 347 1333 praedem
369 1275 436 1333 pree
448 1268 612 1331 sergentes,
626 1269 700 1314 retro
713 1258 748 1314 ud
764 1257 930 1314 Corbionem
944 1261 1060 1334 agmine

110 1337 176 1405 iere,
191 1336 339 1402 Quinctius
353 1335 449 1392 consul
462 1335 497 1392 ed
511 1336 671 1394 concionem
686 1337 819 1412 populum
835 1337 951 1394 vocavit.

150 1414 274 1474 LXVII.
293 1413 337 1472 lbi
356 1413 387 1472 in
405 1413 476 1472 hunc
495 1415 659 1472 sententium
679 1415 803 1472 locutum
823 1416 948 1492 accipio:
970 1415 1060 1473 ‘Etsi

110 1493 201 1552 ‘mihi
214 1493 315 1552 nullius
328 1513 418 1552 noxae
431 1493 565 1562 conscius,
581 1494 713 1564 Quirites,
727 1515 798 1564 sum,
818 1507 911 1554 temen
925 1515 990 1552 curu
1004 1515 1058 1571 pu·

111 1584 120 1612 ‘
133 1575 199 1632 dors
213 1592 322 1632 summo
330 1573 359 1630 in
369 1573 529 1631 concionem
540 1585 658 1632 vestram
668 1575 797 1650 processi.
837 1573 904 1632 Hoc
915 1595 965 1631 vos
975 1575 1057 1641 scire,

110 1653 187 1712 ‘hoc
199 1652 316 1730 posteris
329 1652 478 1710 memoriae
492 1653 624 1710 traditum
638 1654 680 1720 iri,
696 1655 811 1729 Aequos
824 1667 853 1710 et
868 1654 994 1722 Volscos,
1010 1655 1057 1710 vix

109 1742 117 1773 ⁴
133 1733 263 1792 Hernicis
277 1731 360 1789 ruodb
373 1752 461 1808 pares,
476 1731 510 1788 T.
521 1731 656 1795 Quinctio
664 1735 790 1808 quertirm
801 1734 923 1800 consule,
934 1735 970 1790 ad
979 1753 1058 1792 moe*

109 1814 177 1872 ‘nis
189 1813 265 1871 urbis
280 1811 387 1870 Rornae
401 1812 513 1888 impune
527 1824 646 1870 armatos
659 1812 774 1870 venisse.
815 1811 899 1870 Hanc
913 1833 966 1888 ego
977 1814 1057 1888 igno-

109 1893 253 1961 ‘minism,
269 1892 440 1968 (quanquam
448 1889 509 1968 jam
523 1891 571 1947 diu
585 1891 624 1949 ita
637 1891 746 1958 vivitur,
760 1891 783 1948 is
796 1904 884 1952 status
898 1913 992 1950 rernm
1003 1905 1054 1957 est,

109 1984 117 2013 ⁴
131 1985 163 2030 ut
176 1973 244 2030 nihil
258 1971 323 2030 boni
335 1970 439 2028 divinet
452 1969 586 2045 animus)
607 1970 631 2027 si
644 1969 709 2028 huic
723 1971 894 2046 potissimum
910 1973 1054 2030 imminere

110 2049 204 2112 ‘'snno
217 2054 339 2118 scissem,
353 2050 399 2107 vel
411 2050 518 2118 exsilio,
534 2051 576 2107 vel
591 2062 690 2116 morte,
704 2052 727 2106 ei
740 2050 866 2124 aliefuga
877 2050 991 2108 honoris
1000 2071 1053 2108 non

110 2142 119 2171 ‘
132 2145 214 2199 esset,
229 2132 368 2190 vicissem.
407 2129 492 2206 Ergo,
507 2129 531 2186 si
543 2129 594 2186 viri
607 2149 684 2186 mma
697 2129 742 2186 illa
754 2127 923 2197 habuissent,
941 2150 1013 2206 quae
1026 2131 1052 2186 in

109 2213 218 2289 ‘portis
238 2213 315 2269 inere
335 2209 444 2277 nostris,
464 2208 526 2286 capi
547 2208 638 2266 Roma
658 2229 703 2266 me
723 2209 834 2266 consule
847 2209 957 2285 potuitl
982 2209 1052 2268 Setis
1102 2223 1103 2228 ’

109 2292 276 2358 ‘honorum
290 2287 356 2347 satis
369 2307 506 2364 superque
521 2288 592 2345 vitae
606 2301 681 2346 eratt
702 2289 770 2345 mori
785 2289 927 2346 consulem
941 2290 1051 2346 tertium
1102 2323 1103 2336 ι

60 2402 62 2407 .
110 2380 118 2408 ⁴
132 2369 263 2446 oportuit.
304 2369 397 2432 Quom
407 2369 517 2425 tandem
526 2367 694 2440 ignavissimi
706 2365 824 2424 hostium
836 2368 1048 2444 contempsere?

109 2456 182 2506 ‘nos
199 2446 351 2505 consules?
372 2465 408 2502 en
422 2465 470 2502 vos
490 2447 635 2510 Quirites?
658 2446 688 2504 Si
708 2447 789 2522 culpe
802 2448 829 2502 in
844 2448 924 2504 nobis
938 2460 990 2516 est,
1005 2467 1047 2504 au·

109 2529 201 2586 ‘ferte
213 2525 359 2602 imperium
373 2524 510 2600 indignis;
529 2537 567 2592 et,
581 2525 604 2582 si
619 2525 647 2582 id
661 2545 756 2602 perum
768 2539 818 2594 est,
828 2526 1048 2602 insuperpoenss

110 2616 118 2644 ‘
133 2607 264 2685 expetite.
304 2605 336 2663 Si
348 2605 377 2662 in
391 2605 477 2672 vobis,
492 2623 574 2661 uerno
587 2603 714 2662 Deorum
727 2625 779 2662 nec
792 2603 935 2662 hominum
951 2607 996 2674 sit,
1005 2606 1048 2681 qui

111 2695 223 2744 ‘vestre
236 2685 333 2763 puniet
346 2695 467 2762 pecosta,
482 2683 606 2748 Quirites
617 2706 624 2751 ;
644 2697 751 2741 vosmet
764 2685 869 2742 tentiam
880 2705 976 2742 eornm
988 2705 1047 2762 pos·
1102 2747 1103 2760 p

111 2767 228 2824 ‘niteat
269 2764 334 2822 Non
354 2763 394 2821 illi
408 2774 525 2820 vestrum
547 2763 682 2838 ignaviam
703 2776 902 2838 contempsere,
921 2784 975 2822 nec
988 2783 1046 2822 susc
1102 2805 1103 2836 ι

111 2855 119 2885 ‘
133 2845 228 2903 virtuti
242 2844 338 2902 confisi
350 2854 433 2910 sunt;
451 2841 552 2919 quippe
566 2841 648 2899 toties
660 2842 716 2898 iusi
728 2842 879 2918 fugatique,
894 2844 992 2900 cestris
1005 2861 1046 2900 ex·
1102 2845 1103 2914 ]

111 2925 184 2992 ‘uti,
204 2943 270 3000 agro
290 2922 422 2990 mulctati,
443 2923 495 2979 sub
510 2921 612 2998 jugum
635 2921 718 2988 missi,
739 2935 768 2978 et
787 2941 817 2978 se
836 2933 865 2978 et
879 2927 1047 2980 vos'noverc·
1102 2935 1103 2978 l

110 3003 280 3062 ‘Discordia
296 3001 423 3060 ordinum
440 3013 483 3059 est
502 3019 638 3058 venenum
658 3000 735 3058 urbis
755 2999 856 3077 hujus;
884 3000 1001 3064 Patron
1019 3021 1046 3058 sc

109 3092 118 3120 ⁴
132 3084 219 3160 plebis
233 3081 399 3140 certamina:
420 3080 487 3137 dnm
501 3099 553 3138 nec
566 3079 644 3137 uobis
658 3079 774 3155 imperii,
789 3099 841 3137 nec
850 3080 930 3136 vobis
943 3080 1046 3140 liberte·

109 3171 117 3200 ‘
131 3163 167 3221 tis
181 3173 225 3220 est
236 3161 344 3228 modus,
358 3160 425 3216 dum
439 3160 532 3217 taedet
545 3179 594 3216 vos
606 3159 792 3235 patriciorum,
813 3157 863 3215 bos
881 3159 1046 3234 plebeiorum

111 3242 353 3317 ‘magistratuum
374 3237 510 3295 sustulere
533 3237 575 3294 -illi
601 3237 715 3294 animos.
756 3238 811 3294 Pro
839 3237 936 3295 Derim
959 3239 1046 3306 fidem,

112 3318 291 3397 ‘quidnobis
305 3315 408 3374 vultis?
430 3316 567 3373 Tribunos
576 3315 662 3393 plebis
673 3315 835 3393 concupisti.
877 3316 1045 3375 Concordiae
1102 3337 1103 3376 ι

143 3436 151 3464 ¹
168 3436 273 3484 Biennio
283 3441 346 3486 oute,
356 3433 406 3476 'two
417 3445 485 3490 years
496 3430 584 3478 before.
622 3430 658 3478 As
669 3430 709 3479 the
718 3429 805 3478 iailure
813 3430 842 3477 οἰ
850 3430 890 3480 the
902 3429 956 3491 levy
965 3443 1046 3478 occur-
1102 3433 1103 3458 ³

109 3501 152 3552 red
162 3502 188 3550 in
200 3503 240 3550 the
251 3497 381 3562 preceding
392 3511 456 3559 year,
468 3497 515 3544 this
526 3505 592 3545 must
602 3497 632 3544 be
643 3496 755 3544 obtained
764 3500 795 3560 by
805 3497 932 3562 including
942 3497 1000 3548 both
1008 3496 1043 3546 the

110 3577 170 3616 term
174 3569 244 3631 from
255 3565 341 3624 which,
353 3563 400 3612 snd
412 3574 434 3614 to
448 3563 522 3612 which
534 3565 574 3614 the
585 3563 749 3628 computetion
761 3563 782 3612 is
792 3563 869 3613 made.
892 3615 897 3624 ¹
