2232 3862
106 215 142 272 12
494 210 529 274 Τ.
549 210 649 274 Llllll

105 391 166 432 rum
180 371 329 431 civitatium
342 370 413 430 bello
426 375 475 448 par
488 384 576 440 esrem
595 373 645 430 sed
658 371 771 450 penuriis
784 369 937 443 mulierum,
951 368 1044 432 homi:
1095 404 1108 418 ,-

105 453 147 512 nis
158 465 274 510 aetatem
285 452 413 508 duratura
423 451 581 526 magnitudo
592 464 665 517 erat;
681 452 781 528 quippe
792 453 890 528 quibus
903 473 954 512 nec
964 453 1043 512 domi
1096 463 1111 504 2}

87 552 170 608 ,spes
183 531 275 608 prolis,
289 549 340 587 uec
353 549 415 588 cum
429 530 551 587 finitimis
564 531 700 588 connubia
712 545 812 588 esseut.
843 531 915 590 Turn
929 553 964 590 cx
973 553 1042 592 con·
1095 543 1111 578 ,t

105 611 167 668 silio
181 611 294 666 Petrum
309 608 443 666 Romulus
461 609 564 684 legatos
583 610 655 668 circa
668 609 769 668 vicinas
782 623 877 686 gentes
891 611 973 680 misit,
991 613 1044 688 qui
1106 609 1111 656 i

105 689 263 747 societatem
273 687 572 762 connubiumqucuovo
582 688 684 766 populo
694 701 834 766 peterent:
850 699 857 725 ⁶
871 690 961 750 Urbes
971 693 1043 766 qub-
1096 687 1111 740 ιδ

86 767 116 802 Ὗ
129 788 192 844 quc,
213 779 243 825 ut
260 779 358 832 cetera,
376 787 411 824 ex
424 767 518 824 infimo
530 769 621 825 nasci:
641 769 740 826 deinde
758 789 825 844 quas
844 789 895 826 sun
908 769 993 827 virtus
1008 790 1042 828 ac
1097 785 1111 817 *³

107 854 115 882 ⁴
130 847 180 905 Dii
187 845 295 924 juvent,
306 865 416 922 magnas
427 865 493 922 opes
502 847 553 904 sibi
563 867 854 923 magnumquanomen
864 849 961 906 iecere.
989 849 1042 907 Sa·
1103 867 1109 896 r

77 933 79 938 '
106 933 114 961 ‘
128 927 164 984 tis
176 927 254 994 scire,
265 925 362 1000 origini
373 925 513 983 Romanae
523 938 552 984 et
562 926 640 984 Deos
650 926 768 994 affuisse,
780 941 808 984 et
817 947 873 984 non
884 927 1041 986 defuturam
1105 954 1110 965 ν

107 1014 115 1040 ‘
131 1007 267 1063 virtutem.
301 1005 420 1063 Proinde
434 1025 469 1062 ne
482 1019 657 1080 gravarentur
669 1004 793 1063 homines
806 1026 868 1062 cum
884 1005 1042 1064 hominibus
1100 1025 1111 1060 a:

106 1085 286 1160 ‘sanguinem
306 1095 335 1140 et
354 1103 441 1159 genus
459 1083 589 1142 miscere!
638 1083 780 1160 Nusquam
801 1085 917 1160 benigne
940 1087 1042 1161 legatio
1097 1105 1107 1126 ·’

105 1166 200 1222 audita
219 1176 276 1220 est:
296 1163 365 1220 adab
385 1163 465 1219 simul
485 1165 656 1240 spernebant,
680 1163 760 1221 simul
779 1175 883 1221 tantam
899 1165 928 1222 iu
948 1167 1043 1223 medio
1100 1187 1108 1220 :

106 1254 273 1302 crescentem
289 1241 389 1298 molem
401 1242 454 1298 sibi
466 1262 498 1299 ac
511 1243 626 1319 posteris
639 1243 696 1299 suis
708 1243 883 1309 metuebant,
903 1245 931 1301 A
944 1245 1042 1320 pleris-
1100 1279 1103 1286 ,

106 1342 161 1398 que
183 1320 363 1396 rogitantibus
382 1321 496 1389 dimissi,
519 1320 658 1397 ‘Ecquod
677 1321 784 1378 feminis
804 1324 912 1397 quoque
931 1323 1042 1399 arqunm

108 1399 323 1478 ‘aperuissenti
350 1397 378 1455 id
403 1399 475 1478 enim
498 1401 610 1457 demum
637 1420 747 1476 compar
772 1401 939 1458 connubium
963 1402 1041 1460 fore.’
1093 1427 1111 1472 ,a

110 1483 202 1556 Aegre
219 1478 248 1536 id
262 1479 387 1536 Romana
400 1480 486 1554 pubes
500 1499 586 1555 passa,
607 1491 635 1538 et
655 1478 728 1536 baud
745 1480 828 1537 dubie
845 1482 880 1537 ad
894 1483 948 1538 rim
960 1501 1042 1558 spec·
1103 1509 1111 1541 a

107 1574 166 1618 tare
178 1579 222 1616 res
238 1559 328 1634 caepit.
369 1557 421 1615 Cui
440 1570 548 1634 tempus
564 1560 708 1635 locumque
728 1571 823 1635 aptum
840 1572 872 1616 ut
891 1560 967 1617 daret
981 1561 1041 1620 Ro·
1104 1587 1108 1620 ι

108 1639 206 1707 mulus,
220 1636 410 1712 aegritudinem
423 1637 506 1694 animi
520 1637 701 1706 dissimulans,
712 1638 791 1696 ludos
801 1658 836 1696 ex
846 1639 978 1696 industriis
990 1659 1041 1716 pa·
1103 1670 1111 1700 a

237 1727 278 1773 rat
290 1715 419 1790 Neptuno
430 1715 559 1790 Equestri
569 1717 709 1774 solennes:
725 1717 871 1776 Consualia
879 1730 965 1775 vocet.
993 1719 1043 1777 Iu·
1105 1749 1111 1780 .:

109 1768 209 1819 3⁰⁰⁰⁵¹
237 1795 291 1852 dici
308 1794 407 1852 deinde
425 1795 545 1852 finitimis
562 1796 745 1873 spectaculum
761 1794 859 1872 jubet:
884 1809 1043 1873 quantoque
1107 1829 1111 1860 1

130 1852 155 1888 η’
166 1851 189 1887 ⁰⁶
237 1885 368 1951 apparatu
391 1886 450 1930 tum
468 1875 599 1942 sciebant,
615 1889 663 1932 aut
680 1887 814 1951 poterant,
835 1876 1050 1946 concelebrant;·

96 1963 140 2028 rut
153 1972 209 2010 rem
224 1953 325 2010 claram
338 1965 562 2029 expectatamque
575 1955 703 2012 facerent.
736 1952 822 2011 Multi
836 1956 962 2014 mortales
975 1976 1044 2014 con·
1111 1969 1112 1978 ¹

108 2052 214 2100 venere,
233 2033 324 2090 studio
340 2033 423 2089 etiam
438 2032 569 2090 videndae
583 2053 669 2091 novae
684 2033 772 2102 urbis;
793 2034 910 2092 maxime
923 2036 1044 2112 proximi

108 2111 217 2186 quique,
229 2111 422 2178 Caeninenses,
438 2111 616 2179 Crustumini,
630 2113 819 2171 Antemnates.
848 2112 911 2172 Jam
927 2115 1043 2172 Sabino·

108 2210 168 2246 rum
182 2191 269 2248 omnis
284 2190 440 2258 multitudo,
453 2209 516 2247 cum
530 2191 622 2248 liberis
635 2211 668 2249 ac
680 2192 848 2269 conjugibus,
862 2193 950 2258 venit:
972 2194 1045 2249 invi·

109 2269 159 2326 tati
172 2268 339 2345 hospitaliter
347 2289 396 2346 per
404 2269 509 2338 domos,
518 2291 603 2345 quum
611 2271 694 2328 situm
706 2272 866 2348 moeniaque
876 2285 904 2329 et
914 2273 1044 2347 frequen·

108 2360 164 2405 tem
175 2349 255 2406 tectis
265 2349 358 2405 urbem
371 2347 509 2416 vidissent,
520 2350 659 2416 mirantur,
670 2363 726 2406 tam
735 2352 810 2408 brevi
820 2371 877 2408 rem
887 2351 1045 2408 Romanam
1111 2364 1112 2419 l

107 2427 233 2484 crevisse.
267 2427 322 2486 Ubi
336 2428 483 2503 spectaculi
497 2439 605 2505 tempus
619 2429 702 2502 venit,
716 2430 878 2506 deditaeque
891 2431 925 2487 eb
935 2442 1043 2489 mentes

108 2525 171 2564 cunr
187 2525 238 2563 ocu
249 2507 272 2564 is
285 2519 370 2572 erant,
387 2518 445 2563 tum
460 2527 495 2563 ex
508 2509 659 2584 composito
673 2521 732 2566 orta
746 2509 802 2567 vis:
822 2512 954 2586 signoque
968 2510 1043 2578 dato,

101 2585 234 2660 juventus
245 2586 369 2643 Romana
377 2585 411 2642 ad
422 2587 564 2662 rapiendas
574 2587 691 2663 virgines
701 2587 837 2646 discurrit.
864 2587 970 2664 Magna
980 2608 1044 2665 pars

108 2666 227 2731 sonant
240 2665 268 2721 in
281 2684 362 2740 quem
376 2684 501 2740 quaeque
514 2666 653 2734 inciderat,
668 2679 769 2744 raptae.
806 2668 1048 2746 Quffldafflermi
1111 2699 1112 2734 t

108 2744 259 2802 excellente
277 2745 439 2820 primoribus
456 2748 567 2802 Petrum
584 2746 740 2814 destinatas,
759 2767 793 2804 ex
804 2741 892 2824 'plebe
906 2739 1047 2815 homines,
1111 2799 1112 2808 ,

107 2823 206 2898 quibus
219 2823 313 2880 datum
324 2825 465 2898 negotium
475 2840 542 2891 erat,
552 2826 649 2892 (lemos
659 2826 824 2883 deferebant.
851 2833 859 2860 ‘
871 2826 974 2891 Unam,
985 2827 1049 2882 lon—

109 2905 165 2975 ‘ge
174 2913 238 2958 ante
248 2903 312 2958 alias
327 2903 418 2978 specie
431 2924 463 2960 ac
476 2902 677 2978 pulchritudine
696 2905 839 2980 insignem,
858 2904 875 2961 a
892 2904 974 2979 globo
989 2905 1047 2961 Ta-

109 2987 116 3013 ‘
131 2980 203 3038 lossii
216 2980 357 3058 cujusdam
371 2982 484 3058 raptam'
500 2984 598 3040 ferunt.
639 2982 815 3059 ‘Multisque
833 2983 1047 3051 sciscitantibus,

108 3059 238 3118 ‘cuinam
259 3079 320 3118 eam
339 3062 448 3128 ferrent,
468 3062 629 3138 identidem,
648 3082 684 3130 ne
702 3063 763 3138 quis
777 3064 898 3130 violaret,
920 3062 1049 3120 'Talassio

107 3144 116 3172 ‘
130 3139 191 3196 latri
202 3139 381 3198 clamitatum.
407 3139 635 3218 Iude'nuptialem
645 3140 715 3199 banc
726 3162 820 3200 vocem
832 3140 948 3200 factam!
973 3141 1046 3199 Tur·

106 3215 171 3276 bato
184 3238 233 3294 per
244 3231 347 3280 metum
359 3220 474 3285 ludicro,
486 3221 584 3276 moesti
595 3233 720 3296 parentes
731 3222 864 3297 virginum
875 3220 1047 3299 profugiunt,

106 3297 262 3356 incusantes
276 3298 368 3356 violati
382 3297 491 3373 hospitii
506 3299 610 3365 foedus,
626 3299 773 3374 Deumque
787 3301 953 3370 invocantes,
976 3307 1046 3358 *cu-

105 3383 113 3410 ‘
124 3376 171 3452 jus
181 3377 215 3434 ad
227 3377 338 3434 solenne
348 3377 489 3452 ludosque,
504 3397 552 3453 per
562 3378 600 3433 fas
611 3397 643 3434 ac
657 3378 738 3434 fidem
750 3379 866 3455 decepti,
882 3373 1070 3438 venissentss')

107 3455 168 3514 Nec
181 3456 265 3532 raptis
278 3469 325 3512 aut
339 3474 401 3531 spes
421 3457 455 3512 de
476 3476 505 3512 re
526 3455 630 3524 melior,
650 3469 698 3513 aut
715 3457 867 3534 indignatio
884 3471 926 3516 est
939 3459 1047 3516 minor:

106 3533 154 3592 ned
169 3534 227 3612 ipse
241 3535 377 3593 Romulus
392 3534 522 3593 circuibat
532 3536 709 3612 docebatque,
729 3537 863 3596 ‘Petrum
877 3539 906 3596 id
919 3538 1051 3616 superbiai
