2224 3862
97 219 159 280 288
495 217 653 278 T.L1v11

103 386 112 413 ‘
125 377 302 436 tumbellam
317 397 380 435 cum
394 376 512 434 finitimo
525 378 628 470 populo
641 389 670 435 et
659 376 877 478 potentissimo
887 377 987 454 parari,
1000 378 1053 470 qui

103 465 234 514 ‘omnem
250 457 389 514 Etruriam
409 457 446 514 sit
462 455 665 514 concitaturus!
705 456 788 514 Haec
807 459 859 514 sub
876 469 978 532 sponte
991 459 1053 532 agi·

102 549 168 594 tata.
208 537 325 612 Insuper
338 537 440 593 tribuni
454 537 542 612 plebis
551 531 724 593 accendunt
747 536 928 594 ‘Maximum
944 537 1054 593 bellum

102 623 111 650 ⁴
126 615 254 673 Patribus
268 635 330 672 curn
345 616 426 692 plebe
440 635 500 672 esse
502 615 698 674 'dictitantr‘
712 635 773 672 earu
783 616 818 672 de
832 616 971 672 industria
984 635 1055 673 vex·

103 702 111 728 ‘
125 695 225 752 andam
239 695 347 761 milicia,
361 693 607 769 trucidandamque
621 693 745 751 hostibus
759 693 858 771 objici:
879 715 940 751 eam
952 695 1056 771 procul

103 781 112 808 ⁴
127 773 194 830 urbe
208 772 303 830 haberi
316 787 399 848 atque
412 774 539 848 ablegari,
550 794 586 830 ne
595 773 670 830 domi
684 793 734 848 per
747 774 834 830 otium
847 793 955 830 memor
969 774 1055 831 liber·

104 861 112 888 ⁶
126 853 190 910 tatis
203 853 435 927 coloniarumque,
449 865 498 909 aut
511 853 568 928 agri
583 852 694 928 publici,
709 865 758 909 aut
771 852 893 928 suffragii
908 853 996 910 libere
1013 854 1054 910 sa·

104 932 205 990 ‘rendi
226 931 339 989 consiliu
358 932 444 1006 agitet
454 931 470 987 :’
497 944 712 1007 prensantesque
733 944 884 998 veteranos,
909 932 1055 1008 stipendia

104 1011 237 1088 cujusque
251 1023 280 1068 et
293 1011 406 1080 rulmra
415 1030 448 1068 ac
461 1011 603 1068 cicatrices
614 1010 812 1067 numerabant:
834 1019 841 1044 ‘
855 1011 922 1086 quid
931 1010 994 1086 jam
1010 1012 1054 1068 in·

105 1098 113 1124 ‘
127 1091 198 1164 tegri
212 1111 271 1146 esse
285 1090 313 1146 in
327 1110 441 1167 corpore
455 1090 507 1146 loci
521 1091 557 1146 ad
570 1109 642 1146 nora
653 1090 765 1146 vulnera
775 1090 959 1167 accipienda?
982 1091 1055 1166 quid

105 1176 112 1204 ‘
127 1189 209 1245 super
222 1169 370 1244 sanguinis,
385 1169 432 1244 qui
447 1169 505 1226 dari
519 1189 569 1246 pro
582 1169 722 1244 republica
739 1182 832 1244 posset
841 1169 865 1227 i'
886 1169 1054 1244 rogitantes.

105 1247 187 1306 Haec
201 1269 286 1324 quum
297 1249 325 1304 in
336 1248 508 1305 sermonibus
522 1248 754 1322 concionibusque
766 1249 902 1304 interdurn
913 1249 1054 1322 agitantes

104 1329 268 1385 avertissent
281 1328 390 1402 plebem
405 1329 439 1384 ab
454 1328 629 1402 suscipiendo
643 1327 722 1393 bello,
737 1327 874 1402 profertur
884 1341 997 1403 tempus
1012 1329 1054 1385 fe·

106 1407 211 1464 rundue
233 1407 320 1482 legis:
346 1426 439 1482 quam,
460 1407 484 1463 si
504 1405 630 1482 subjecta
649 1407 767 1463 invidiae
787 1420 869 1474 esset,
890 1406 1053 1482 autiquari¹

105 1505 121 1542 a
160 1487 262 1543 arebat.

123 1504 226 1621 plith.
247 1564 362 1621 Interim
377 1565 501 1622 tribunos
515 1564 635 1622 rnilitum
649 1564 678 1620 in
693 1564 823 1622 Volscum
838 1585 934 1640 agrum
949 1566 1055 1624 ducere

106 1645 259 1700 exercitum
284 1643 395 1719 placuit.
446 1644 499 1702 Cn.
525 1644 670 1701 Cornelius
696 1664 768 1701 unus
792 1645 900 1702 Romae
927 1645 1052 1703 relictus.

109 1722 178 1780 Tres
193 1723 303 1788 tribuni,
318 1737 464 1799 postquam
479 1723 554 1779 nullo
568 1725 630 1780 loco
640 1735 729 1780 castra
740 1723 903 1780 Volacorum
913 1743 984 1790 esse,
998 1744 1052 1782 uec

108 1802 302 1858 commissuros
322 1821 352 1859 se
374 1802 479 1879 proelio
499 1803 634 1878 apparuit,
658 1802 795 1877 tripartitb
811 1803 847 1859 ad
867 1804 1052 1860 devastandos

108 1881 176 1938 fines
190 1881 348 1939 discessere.
391 1881 515 1938 Valerius
531 1881 649 1938 Antium
663 1883 742 1958 petit,
758 1881 903 1940 Cornelius
915 1881 1051 1940 Ecetras:

107 1961 271 2036 quincunque
291 1961 436 2026 incessere,
457 1961 512 2018 late
532 1961 655 2037 populati
676 1974 740 2017 sunt
756 1973 830 2018 tecta
849 1981 996 2037 agrosque,
1020 1975 1051 2018 ut

108 2039 272 2098 distinerent
297 2037 429 2097 Volscos:
461 2040 570 2105 Fabius,
592 2040 668 2114 quod
692 2040 811 2096 maxime
831 2041 989 2116 petebatur,
1016 2043 1050 2098 ad

110 2122 211 2176 Anxur
224 2120 438 2196 oppugnandum
453 2119 512 2176 sine
527 2119 583 2176 ullis
596 2117 773 2194 populatione
783 2120 908 2176 acnesdt.
951 2123 1051 2176 Anxur

107 2197 169 2266 fuit,
184 2218 254 2273 quae
269 2218 342 2256 nunc
356 2198 519 2255 'samacinae
532 2209 613 2264 suut;
632 2199 697 2254 urbs
711 2218 797 2273 prona
810 2199 837 2254 in
849 2199 975 2273 paludes.
1004 2201 1049 2256 Ab

109 2277 143 2332 oti
163 2291 240 2352 parte
265 2277 366 2334 Fabius
393 2278 626 2352 oppugnationem
650 2278 779 2334 ostendit
834 2277 1049 2336 circummissae

107 2369 227 2428 quatuor
240 2354 366 2412 cobortes
383 2357 496 2414 oumC.
512 2355 633 2414 Servilio
644 2353 734 2412 Abala
751 2376 837 2451 quum
857 2357 1047 2416 imminentem

108 2434 170 2490 urbi
184 2434 282 2490 collem
296 2434 449 2526 cepissent;
469 2454 503 2491 ex
518 2435 579 2492 loco
592 2434 697 2502 altiore,
712 2455 767 2510 qna
752 2436 884 2492 nullum
899 2449 960 2494 erat
974 2455 1049 2514 prae-

5 2545 6 2548 =
108 2513 244 2580 sidium‚'
237 2513 341 2586 ingenti
362 2513 481 2569 clamore
504 2533 537 2570 ac
556 2513 677 2570 tumultu
700 2515 810 2570 moenia
827 2515 962 2572 invasere.
1004 2516 1049 2573 Ad

108 2611 190 2666 quem
206 2591 356 2648 tumultum
370 2592 561 2667 obstupefacti,
575 2612 624 2667 qm
615 2592 766 2650 adversus
775 2593 890 2650 Fabium
901 2595 1019 2651 urbem'
1012 2613 1048 2651 m·

108 2671 201 2727 limam
216 2673 372 2738 tuebantur,
394 2671 486 2728 locum
500 2673 602 2728 dedero
619 2672 706 2730 scalas
719 2672 893 2740 admovendi,
914 2673 1048 2749 plenaque

108 2748 229 2806 hostium
244 2763 343 2808 cuncta
357 2763 442 2818 eraut,
463 2762 492 2808 et
511 2751 625 2808 immitis
645 2751 693 2807 diu
707 2751 805 2808 caedes
822 2751 925 2827 pariter
945 2753 1046 2828 fugieu·
1103 2763 1104 2786 ¹

108 2828 177 2885 tium
193 2849 225 2886 ac
240 2830 426 2887 resistentium
440 2842 606 2887 armatorum
618 2843 700 2906 atque
714 2830 860 2887 inermium
874 2831 937 2888 fuit.
962 2832 1023 2907 Cog
1023 2851 1047 2888 e·

108 2908 228 2966 bantur'
221 2921 314 2983 itaque
328 2908 402 2976 victi,
422 2910 487 2985 quia
506 2909 668 2967 cedentibus
688 2909 747 2985 spei
767 2908 834 2966 nibil
848 2923 915 2978 erat,
931 2930 1047 2987 pugnam

109 2987 195 3044 inire:
216 3005 301 3062 quum
316 2989 527 3063 pronunciatum
541 2991 664 3064 repente,
674 2995 681 3022 ‘
690 3008 725 3045 ne
734 2988 796 3063 quis
809 3003 919 3066 praeter
932 3004 1047 3047 armatos
1102 3049 1103 3060 ,

109 3067 279 3123 ‘violaretur
292 3067 322 3134 ξ’
351 3068 485 3142 reliquam
506 3087 617 3126 omnem
641 3067 846 3125 multitudinem
869 3069 1046 3126 voluntariam

108 3145 186 3203 exuit
199 3145 299 3202 armis:
321 3165 437 3222 quorum
452 3147 487 3204 ad
500 3147 558 3204 duo
571 3147 657 3204 millia
669 3159 698 3204 et
711 3146 855 3223 quingenti
867 3147 925 3204 vivi
939 3148 1046 3224 capiun-

141 3291 148 3322 ¹
168 3297 175 3322 ⁶
190 3292 217 3339 lt
228 3307 242 3338 a
257 3290 302 3337 law
314 3307 363 3339 was
375 3300 400 3338 to
417 3293 447 3338 be
463 3293 556 3354 passed,
575 3309 604 3342 or
619 3307 667 3354 any
678 3292 747 3356 thing
764 3300 790 3340 to
800 3293 830 3339 bs
841 3291 953 3351 ordered,
965 3311 991 3341 as
1001 3293 1045 3339 ius

89 3381 94 3388 =
107 3365 114 3390 ⁸
126 3359 188 3414 trial,
199 3375 226 3406 or
235 3358 358 3422 declaring
368 3373 424 3414 war,
434 3363 478 3408 dic.
489 3362 544 3421 they
551 3361 658 3408 received
668 3370 716 3406 two
724 3359 809 3407 tablets
819 3378 825 3409 r
840 3376 872 3408 on
884 3361 925 3408 the
936 3377 983 3408 one
991 3375 1045 3406 were

106 3433 113 3456 ‘
127 3428 167 3473 the
179 3427 259 3474 letters
270 3427 302 3474 U.
320 3427 361 3482 It,
371 3427 386 3473 i.
399 3441 420 3472 e.
434 3432 471 3476 uri
482 3445 557 3490 rogor,
572 3429 635 3476 Iam
646 3427 683 3474 sor
694 3429 735 3474 the
747 3427 809 3486 lang
828 3427 920 3475 audon
930 3431 971 3476 the
982 3430 1044 3475 other

106 3499 113 3522 ⁴
129 3495 161 3542 Α.
181 3495 217 3542 for
228 3498 335 3556 antiquo,
355 3494 368 3541 I
387 3493 436 3540 like
453 3495 492 3541 tbe
509 3495 550 3542 old
562 3511 622 3557 way,
637 3497 700 3542 lam
711 3496 807 3558 against
818 3496 858 3542 the
869 3494 922 3542 law.
963 3496 1043 3543 Hence

106 3565 342 3626 ‘antiquorelegem
362 3562 400 3610 Το
410 3562 484 3626 reject
492 3562 529 3611 it'
569 3564 605 3611 Dr
615 3565 706 3612 ΛΜΗ.
786 3562 796 3592 ¹
814 3563 894 3626 Seep.
908 3563 951 3624 60,
963 3572 1015 3610 uate
1024 3560 1042 3609 1.
