2224 3862
406 234 532 294 LIBER
553 233 608 294 1v.
936 235 995 294 tte

76 395 124 453 ficio
140 395 228 472 populi
249 395 370 453 Romeni
384 395 522 453 Ardeates
541 391 708 459 credebautt
726 393 833 452 senatui
851 411 995 470 superesse

76 475 159 550 aliquid
171 476 203 532 ed
216 475 367 532 delendum
381 473 507 550 publicae
520 473 649 532 avarities
661 485 872 532 monumentum
885 474 996 534 videbe·

77 567 118 610 tur.
151 554 252 612 Consul
266 552 438 630 triumphans
451 554 480 610 in
492 555 588 610 urbem
605 551 686 619 redit,
708 551 815 610 Cloelio
828 552 900 611 duce
914 553 995 613 Vols-

74 651 149 690 corum
161 644 223 690 aute
237 653 349 691 currum
363 634 456 700 ducto,
475 633 659 709 preeletisque
679 631 782 706 spoliis,
802 633 902 708 quibus
915 633 996 692 deur·

24 743 25 754 2
73 723 159 768 mtunr
176 712 331 770 exereitum
351 710 471 769 bostium
494 711 547 768 sub
562 711 662 789 jugum
683 709 803 768 miseret.
843 712 994 788 Aequorit,

24 791 25 796 ’
73 791 131 864 quod
139 788 209 848 baud
222 792 302 850 fenile
315 802 366 857 cet,
381 791 529 854 Quinctius
542 790 636 848 consul
651 800 761 864 togatus
769 790 867 848 armati
879 792 994 867 gloriam

73 870 189 944 collegae:
209 871 276 945 quic
290 871 451 928 concordiae
465 870 595 945 pacisque
606 867 804 948 domestioem¹
820 889 923 938 curem,
930 870 995 948 jure

72 947 153 1005 infirmo
171 949 342 1025 summisque
355 949 531 1017 m'oderendo,
545 949 585 1007 itu
597 949 695 1016 tenuit,
716 959 748 1005 ut
766 967 830 1004 enm
850 959 879 1006 et
898 950 995 1009 Patres

72 1046 177 1084 scrotum
198 1030 349 1095 consulem,
376 1041 404 1086 et
430 1029 508 1105 plebs
527 1029 594 1085 setis
613 1045 721 1100 corneto
741 1027 916 1086 crediderint
956 1029 996 1088 Et

72 1106 181 1164 adversus
195 1108 321 1165 tribunos
333 1109 497 1165 auctoritate
514 1107 601 1184 plura,
616 1106 699 1182 qubtu
719 1107 877 1174 certamine,
897 1109 997 1166 tenuit.

71 1184 181 1260 Quinqus
194 1187 363 1256 consulatus,
376 1188 474 1264 eodem
490 1200 587 1244 tenore
601 1186 680 1262 gesti,
694 1186 804 1260 vitaque
818 1185 916 1255 omnis,
931 1205 995 1244 con·

72 1264 176 1322 solariter
195 1277 268 1333 ecta,
282 1267 433 1323 verendum
454 1264 527 1341 pene
541 1267 633 1342 ipsum
645 1265 743 1340 magis,
757 1263 840 1340 quim
853 1264 996 1335 bonorem,

70 1342 194 1401 lseiebant.
235 1344 281 1402 Eo
301 1346 473 1403 tribunorum
493 1345 652 1403 militarium
666 1343 743 1402 nulle
755 1344 860 1402 mentio
873 1343 917 1402 bis
930 1364 996 1404 oon·

71 1422 156 1480 solibus
166 1423 228 1480 fuit.

190 1501 245 1559 XL
277 1501 413 1562 Consules
432 1515 527 1562 creent
541 1501 585 1560 M.
600 1501 714 1560 Fabium
730 1501 907 1572 Vibulenum,
929 1503 997 1563 Pos-

72 1569 118 1673 g'l}
152 1593 263 1638 tuntum
279 1581 435 1641 Aebutium
457 1582 642 1641 Comicinem.
686 1581 788 1639 Fabius
807 1592 836 1639 et
856 1581 998 1644 Aebutius

110 1658 115 1672 '
152 1661 289 1727 consules,
303 1681 361 1736 quo
373 1661 471 1738 majori
483 1662 586 1738 gloriae
598 1680 700 1729 rerum,
714 1661 790 1718 domi
803 1661 923 1738 lorisque
936 1681 999 1738 ges·

72 1747 151 1806 umen,
164 1741 315 1798 succedere
328 1761 359 1798 se
372 1742 528 1807 cernebant,
543 1741 679 1816 (maxime
688 1753 781 1798 eutem
790 1741 998 1801 memenbileur

72 1833 153 1874 nuum
167 1821 243 1896 epud
256 1820 388 1878 tutemus
401 1821 491 1878 socios
500 1819 648 1895 hostesque
662 1839 731 1886 esse,
742 1816 817 1894 quod
830 1821 998 1880 Ardeatibus

72 1893 93 1950 iu
103 1915 128 1954 re
140 1899 284 1976 praecipiti
294 1900 372 1957 tentb
383 1900 455 1957 soret
468 1900 534 1957 curie
547 1897 738 1972 subventum)
749 1917 783 1955 eo
797 1898 956 1974 impensius,
966 1913 999 1958 ut

72 1973 174 2035 delerem
189 1997 303 2056 prorsus
324 1998 360 2036 ex
374 1979 473 2036 enimin
486 1978 630 2036 hominum
643 1976 782 2036 infamiam
791 1976 899 2052 judicii,
920 1997 999 2037 sene·

72 2063 106 2111 tus
122 2059 276 2114 consultum
295 2058 436 2126 fecerum
455 2069 496 2125 ut,
517 2057 646 2132 quonism
667 2055 763 2112 civiles
779 2055 944 2114 Ardeatium
958 2058 1000 2116 in·

72 2134 155 2195 tetro
166 2136 291 2196 tumultu
304 2137 416 2196 redacte
434 2138 469 2195 ed
484 2155 588 2214 paucos
606 2146 688 2201 esset,
708 2133 798 2192 coloni
818 2135 852 2192 ed
871 2136 1001 2212 praesidii

72 2213 138 2271 eruti
149 2217 280 2274 edrereus
295 2216 412 2275 Volscos
425 2217 617 2274 scriberentur.
657 2213 725 2272 Hoc
737 2211 826 2290 palbrn
841 2215 957 2272 relatum
971 2217 1001 2273 in

72 2293 169 2363 tubulas,
188 2307 225 2356 nt
242 2295 351 2373 plebem
371 2295 552 2372 tribunosque
571 2294 698 2353 falleret²
707 2292 806 2370 judicii
826 2295 1001 2354 rescindendi

72 2373 198 2434 onmium
223 2375 333 2433 initum.
374 2375 578 2434 Consenserunt
600 2385 703 2441 entem,
727 2383 767 2441 ut,
788 2373 878 2432 multo
896 2374 1001 2452 majore

73 2461 134 2522 ports
147 2453 316 2512 Rutulorum
330 2455 498 2521 colonorum,
513 2453 595 2529 qudm
610 2453 810 2521 Romanorum,
824 2454 934 2530 scripti.
950 2473 1002 2512 uec

71 2533 205 2603 agerullus
219 2534 396 2598 divideretur.
417 2534 470 2591 nisi
488 2534 520 2602 is,
541 2533 588 2608 qul
602 2533 771 2609 interceptus
785 2530 895 2608 judicio
907 2531 1002 2590 intumi

72 2620 133 2677 ctttt
150 2631 202 2672 nec
221 2613 271 2670 ulli
290 2614 366 2690 priris
386 2613 515 2670 Romano
528 2613 576 2681 ibi,
590 2611 673 2688 qudm
687 2612 815 2669 omnibns
829 2611 945 2670 Rutulis
958 2611 1001 2669 di·

71 2686 645 2769 dsmeseetglebenlleagriassigneretur.
686 2691 734 2750 Sic
743 2691 852 2766 agered
864 2691 1001 2750 Ardeates

71 2767 146 2826 rediit.
186 2771 338 2829 Triumviri
354 2773 390 2831 ed
409 2771 544 2830 colonium
565 2771 691 2830 Ardeam
711 2769 903 2830 deducendum
916 2771 1001 2830 crecti

72 2845 184 2927 Agrippa
203 2849 363 2924 Menenius,
379 2851 414 2909 T.
428 2851 550 2910 Cloelius
572 2850 692 2918 Siculus,
706 2848 751 2906 M.
767 2848 908 2908 Aebutius
921 2849 1001 2910 Eleo.

72 2923 126 2996 Qui,
144 2949 193 3006 per
213 2931 326 2988 minime
345 2931 478 3008 populere
497 2930 680 2988 ministerium
700 2948 767 3004 egro
780 2928 945 3006 assignando
957 2949 1002 2988 so·

71 3004 119 3074 ciis,
131 3027 211 3083 quem
225 3009 345 3086 populus
359 3011 504 3068 Romanus
518 3029 599 3068 suurn
609 3007 772 3086 judiciteset
792 3027 878 3084 quum
892 3009 1002 3086 plebem

72 3083 244 3157 offendissent,
257 3109 293 3146 ne
303 3088 469 3164 prirnoribus
480 3089 592 3164 quidem
604 3088 718 3146 Petrum
727 3087 793 3145 sotis
803 3089 917 3164 accepti,
927 3086 1002 3164 qubd

72 3161 128 3249 nibil
147 3169 249 3242 gratioe
272 3168 434 3246 cujusquam
449 3169 603 3234 dederent3
623 3167 791 3235 vexationes,
811 3169 847 3225 ed
866 3168 1002 3244 populum

68 3255 116 3312 Jem
130 3245 173 3304 dle
191 3247 265 3305 dieti
278 3249 312 3306 eb
326 3249 452 3316 tribunis,
474 3247 564 3305 coloni
584 3246 714 3324 adscripti
733 3247 901 3304 remanendo
913 3246 942 3302 in
956 3266 1002 3304 co·

72 3318 142 3394 lonii,
161 3345 243 3402 quam
266 3338 366 3386 testem
385 3327 550 3404 integritatis
568 3325 748 3404 justitiaeque
768 3324 913 3393 habebunt,
934 3327 1003 3382 vitu·

73 3416 135 3460 vere.
212 3419 218 3432 ·

101 3513 107 3540 ¹
123 3515 200 3566 Stroth
215 3533 281 3582 says,
298 3519 350 3567 thet
361 3522 514 3568 domesticum
531 3516 613 3566 stende
623 3516 661 3566 tor
672 3518 818 3567 domesticae.
853 3514 897 3563 See
908 3528 932 3576 p.
949 3513 1004 3572 126,

74 3589 121 3629 note
132 3583 153 3632 t.
227 3583 238 3611 ³
257 3588 301 3636 See
312 3602 335 3648 p.
352 3586 392 3645 91,
404 3594 461 3635 note
473 3585 496 3635 5.
855 3615 857 3620 .
