2224 3862
106 223 171 281 stt*
498 219 535 278 Τ.
555 217 655 278 LIVII

107 389 241 446 ‘rentum
261 379 396 454 bonaque,
417 383 544 436 contacte
562 378 658 454 pretiis
671 378 748 454 regni
762 377 1046 454 mercandi,'publica-

63 529 65 534 ,
109 467 117 492 ‘
131 473 236 516 rentur.
274 459 378 516 Jubere
398 457 500 533 itaque,
521 472 680 534 quaestores
693 459 812 518 vendere
826 479 859 517 ea
871 459 955 526 bona,
969 471 1052 536 atque

109 545 117 572 ⁴
131 538 315 614 iu'publicum
330 537 471 614 redigere!
958 578 960 584 .

149 618 229 674 XVI.
250 617 376 674 Domum
390 617 499 685 deinde,
513 629 546 674 ut
559 629 738 675 monumento
752 628 897 675 areaesset
906 635 1053 693 oppressae

108 698 227 755 nefariae
240 698 308 772 spei,
323 697 394 754 dirui
408 698 549 772 extemplo
563 696 655 772 jussit.
670 721 673 728 ·
694 697 729 754 ld
745 697 988 772 Aequimaelium¹
1008 715 1052 770 ap*

109 776 241 851 pelletum
261 788 313 834 est.
353 776 388 834 L.
402 777 545 834 Minucius
558 777 628 833 bore
641 776 757 834 ιιιιιιιιοἰ
778 789 856 834 extra
868 789 980 852 portam
994 774 1052 830 Tri·

107 857 245 930 geminam
266 868 310 912 est
329 857 454 917 donatus.
477 875 512 913 ne
525 856 606 932 plebe
619 857 731 930 quidem
745 855 839 923 inritis,
853 855 922 930 quia
936 855 1051 911 frumeu-

107 949 167 992 tom
184 936 364 1002 Maelianum,
385 937 490 993 assibus
504 936 532 991 in
545 935 653 991 modios
666 936 849 1003 aestimatum,
864 935 944 1011 plebi
957 934 1051 990 divisit.

108 1023 118 1052 ‘⁴
130 1014 219 1073 Hunc
231 1015 407 1082 Minucium,’
421 1016 494 1090 apud
508 1014 642 1089 quosdam
655 1027 790 1080 auctores,
806 1021 814 1050 ⁶
827 1017 961 1072 transisse
974 1031 992 1070 a
1004 1013 1052 1070 Pa·

110 1096 220 1152 ‘tribus
241 1097 276 1166 ad
293 1096 411 1170 plebem,
431 1095 664 1168 undecimumque
685 1095 824 1150 tribunum
838 1095 930 1170 plebis
945 1105 1053 1168 coeptad

110 1180 191 1232 ‘tum
212 1174 387 1244 seditionem,
409 1190 512 1232 motam
533 1193 569 1230 ex
589 1171 731 1230 Maeliana
750 1175 843 1239 caede,
863 1170 996 1239 sedasse!
1015 1172 1052 1227 ins

111 1254 200 1310 venio.
242 1253 375 1311 Ceterdm
403 1254 449 1310 vix
476 1253 606 1312 credibile
633 1266 683 1320 est,
712 1273 858 1310 numerum
883 1253 1052 1310 tribunorum

110 1333 208 1390 Patres
221 1333 316 1408 augeri
329 1353 432 1409 passos,
447 1334 530 1408 idque
544 1332 716 1408 potissimirm
732 1333 890 1410 exemplum
906 1352 924 1389 a
945 1330 1052 1407 patricio

110 1410 222 1470 homine
233 1413 439 1480 introductum
458 1432 510 1470 nec
524 1413 624 1468 deinde
638 1412 666 1468 id
680 1413 788 1488 plebem
799 1431 965 1470 concessum
975 1409 1054 1467 semel

111 1492 276 1584 obtinuisse,
293 1505 342 1549 aut
362 1495 438 1550 certe
457 1492 587 1549 tentasse.
629 1490 684 1548 Sed
705 1504 769 1549 ante
790 1491 882 1548 omnia
894 1490 997 1548 refellit
1008 1489 1053 1546 fal

112 1591 172 1630 sum
194 1572 320 1647 imaginis
340 1572 454 1629 titulum
474 1572 570 1648 paucis
589 1573 653 1627 ante
667 1572 745 1628 annis
759 1571 820 1646 lege
833 1568 1008 1636 ιιιιιιιιιιιῧ,ί
1021 1587 1053 1624 ne

111 1651 251 1708 ‘tribunis
270 1651 403 1725 collegam
424 1665 553 1726 cooptare
572 1649 685 1707 liceret!
726 1651 762 1714 Q.
785 1651 936 1716 Caecilius,
959 1647 1050 1712 Q.-Ju

112 1730 183 1796 nius,
207 1731 283 1788 Sext.
299 1731 428 1796 Titinius,
449 1731 500 1786 soli
518 1750 552 1786 ex
571 1729 687 1804 collegio
707 1730 881 1788 tribunorum
901 1748 994 1804 neque
1011 1740 1049 1783 tu·

110 1810 198 1868 lerant
211 1811 246 1867 de
260 1809 409 1868 honoribus
424 1809 543 1866 Minucii
557 1809 646 1883 legem
658 1831 666 1876 ;
685 1821 714 1866 et
727 1810 865 1866 criminari
875 1829 957 1866 nuno
964 1807 1052 1865 Minu·⁸
1093 1851 1094 1872 ,

109 1889 192 1958 cium,
214 1910 288 1947 nunc
310 1887 454 1948 Servilium
475 1890 550 1966 apud
569 1889 687 1964 plebem,
708 1890 840 1964 querique
854 1889 997 1964 indignam
1010 1905 1052 1943 nee
1093 1877 1094 1889 ¹

111 1989 172 2026 cem
193 1968 292 2026 Maelii
310 1988 365 2026 non
380 1970 551 2026 destiterant.
591 1969 771 2026 Persicorum
784 1969 876 2060 igitur,
887 1981 924 2026 ut
937 1966 1051 2024 tribuno*

111 2067 174 2107 rum
193 2050 311 2106 militum
333 2049 434 2141 pptiirs,
455 2049 538 2124 quiam
558 2048 713 2115 consulum,
737 2049 850 2116 comitia
873 2046 1051 2109 hebetantem

111 2127 186 2186 baud
206 2130 292 2195 dubii,
313 2129 380 2203 quin
400 2149 448 2186 sex
469 2129 537 2186 loeis
557 2127 616 2203 (tot
634 2127 708 2184 enim
723 2125 783 2203 jam
797 2127 883 2184 creari
900 2124 1013 2200 licebat)
1025 2136 1050 2182 et

110 2208 211 2282 plebeii
230 2207 323 2282 aliqui,
345 2208 501 2283 profitendo
521 2215 573 2264 ‘se
586 2206 689 2263 ultores
702 2207 761 2264 iore
775 2206 937 2264 Maelianae
950 2202 1050 2270 caediq'

111 2299 277 2344 crearentur.
318 2285 410 2354 Plebs,
431 2307 587 2362 quanquam
608 2287 711 2360 agitata
728 2286 822 2343 multis
835 2306 869 2343 eo
883 2305 959 2343 anno
972 2297 999 2342 et
1010 2301 1049 2340 rt·

110 2364 158 2420 riis
178 2366 299 2422 motibus
319 2367 578 2442 erat‚necplu1·‚ea
600 2384 683 2440 quern
697 2378 762 2433 tres,
783 2366 910 2422 tribunos
924 2361 1049 2424 consulari

111 2455 249 2520 potestate
268 2445 380 2510 creavit,
397 2458 426 2501 et
446 2445 474 2500 iu
494 2446 528 2500 iis
547 2444 583 2500 L.
597 2445 759 2507 Quinctium
780 2445 940 2503 Cincinnati
954 2444 1049 2507 filiunt
1092 2459 1093 2499 l

213 2543 249 2580 ex
258 2543 337 2602 cuyus
348 2524 500 2582 dictaturae
509 2523 611 2580 inridre
619 2525 754 2582 tumultus
762 2526 955 2598 quaerebatur
976 2523 1048 2580 Ριιι

169 2603 283 2661 ‘latus
303 2603 439 2679 suffragiis
453 2603 586 2666 Quinctio
607 2603 696 2662 Mam.
711 2604 898 2674 Aemiliuss
874 2624 916 2661 ιιι
935 2619 1047 2660 summae

212 2683 362 2760 dignitatis.
402 2682 438 2739 L.
451 2683 559 2740 Julinm
573 2683 686 2740 tertium
700 2694 803 2740 creant.

150 2761 247 2822 XVII.
267 2762 413 2822 laborum
428 2762 589 2838 magistratu
603 2761 732 2832 Fidenae,
747 2762 854 2820 colonia
868 2763 1002 2830 Romana,
1017 2760 1045 2818 ad

112 2593 170 2697 377.

145 2909 152 2936 ¹
172 2910 269 2958 Domus
281 2915 366 2962 Maelii
377 2910 429 2960 solo
441 2922 550 2974 aequato.
620 2910 630 2939 '
651 2915 712 2961 Bove
728 2923 821 2968 curato,
839 2911 888 2960 this
898 2911 919 2958 is
931 2911 1001 2960 talreu
1010 2921 1045 2970 gt·

111 2977 240 3041 nerallyto
257 2995 326 3026 mean
339 2981 379 3026 the
391 2979 437 3043 gilt
448 2989 526 3026 statue
537 2979 566 3025 of
580 2995 611 3026 an
630 2995 670 3026 ox.
708 2979 760 3027 But
777 2981 824 3027 this
840 2974 1045 3040 interpretationis

110 3045 228 3094 rendered
240 3046 362 3104 doubtful,
377 3047 420 3102 lst,
435 3048 472 3109 By
483 3049 522 3094 the
533 3057 684 3111 strangeness
695 3047 724 3093 of
737 3048 777 3094 the
787 3047 878 3095 reward
888 3066 896 3106 3
914 3045 955 3104 ad,
969 3048 1002 3107 By
1013 3044 1044 3089 the

110 3124 249 3176 agreement
264 3115 293 3162 of
306 3115 339 3162 all
356 3117 461 3170 authors,
474 3116 525 3161 that
541 3115 586 3178 gilt
602 3123 692 3162 statues
710 3130 772 3162 were
790 3125 833 3176 pot
847 3113 988 3162 introduced
1003 3111 1044 3157 into

111 3181 176 3244 Italy
186 3182 224 3230 till
233 3183 272 3229 the
280 3182 345 3230 562d
353 3198 409 3244 year
416 3183 445 3229 of
454 3183 494 3228 tlte
501 3182 556 3243 city.
596 3181 768 3244 Accordingly,
778 3183 824 3230 itis
834 3181 947 3244 probable
955 3182 1003 3228 that
1011 3179 1043 3225 tbc

112 3249 191 3297 words
201 3251 291 3312 import
302 3265 333 3296 sn
345 3265 376 3296 ox
388 3249 445 3296 with
458 3249 503 3312 gilt
514 3251 586 3296 horus
598 3250 636 3297 sor
646 3250 761 3296 sacrifice.
797 3253 870 3298 What
881 3252 938 3298 then
949 3249 980 3296 do
989 3255 1043 3297 estro

106 3327 199 3379 portum
221 3321 382 3380 Trigeminam
401 3318 491 3363 mean?
512 3320 534 3364 Α
554 3325 735 3376 commentetur,
753 3319 810 3366 with
827 3328 896 3380 great
907 3314 1044 3379 probability.

109 3383 1045 3514 tit?ll?:,‘25.:'.3;l;.t‘.tttt,lt'tltltilitl'tttltld:

112 3516 218 3580 'Scep
234 3520 275 3576 60.
288 3518 379 3566 notel·
418 3524 529 3570 Cautum
538 3535 620 3584 agrees
632 3519 689 3566 with
704 3537 735 3571 tte
752 3525 861 3578 tribunis,
873 3522 918 3570 &c
957 3517 1044 3568 Fortbe

107 3581 236 3646 luwitself,
248 3601 287 3634 see
300 3585 434 3635 11165
618 3609 637 3618 ·’
685 3613 686 3619 ι
