2230 3846
440 202 565 264 uranu
586 203 640 262 ιιι.
896 279 898 292 Ι
956 205 1009 265 ror

70 363 98 420 ab
110 361 331 422 externisarrnia
345 361 434 420 otium
447 363 507 420 luit.
548 362 652 429 Quum,
668 362 743 420 velut
755 361 881 431 victores,
895 361 1008 432 tribuni,

69 441 192 516 perculsis
203 441 335 498 Patribus
357 441 493 500 Kaesonis
513 442 619 508 canito,
641 442 864 516 propepcrlntam
877 459 1005 501 assecre-

68 521 156 578 dereut
176 520 280 596 legem,
302 534 340 588 et,
361 522 446 596 quod
452 522 487 578 ad
508 521 628 578 seniores
643 521 755 578 Petrum
771 522 929 596 pertineret,
946 517 1005 580 ces'

67 599 166 658 sienem
177 600 356 675 possessione
376 599 590 676 reipublicae;
578 600 710 694 juniores,
734 599 762 656 id
784 601 903 658 maxime
929 602 1005 676 quod

67 677 196 736 Kaeenuis
210 679 349 736 sodalium
362 679 423 744 fnit,
437 697 538 736 auxere
551 680 604 736 irus
614 680 641 736 in
652 679 770 756 plebem,
781 699 836 736 non
846 679 1005 738 minuerunt

65 757 273 816 animasset
292 759 331 814 ibi
351 759 498 834 plurimum
516 762 670 834 profectura
685 769 735 825 est,
750 754 825 832 quod
839 760 921 816 modo
935 779 1003 836 qno·

65 836 118 895 darn
133 851 327 913 temperavere
341 839 460 912 impetus
473 857 546 894 suos.
588 838 681 900 Quum
696 837 856 914 primbpost
867 837 1003 896 Kaesonie

65 915 188 974 exsilium
202 918 249 974 lex
262 929 361 992 coepta
373 917 437 974 len-i
450 915 521 984 eet¹,
535 917 661 974 instructi
675 916 816 993 paratique
827 936 889 974 cnm
899 917 1003 993 ingenti

65 995 202 1052 clientium
227 997 351 1052 exercitu
373 995 414 1053 sic
436 997 568 1065 tribunos,
596 996 644 1054 ubi
668 996 786 1072 primum
807 993 1003 1055 submoventes

65 1075 212 1148 praebuere
233 1094 353 1140 cansam,
374 1073 469 1132 adorti
482 1087 555 1142 sunt,
578 1087 609 1133 ut
629 1095 711 1132 nemo
729 1095 801 1132 unus
820 1074 885 1132 inde
899 1077 1003 1150 praeci·

4 1181 6 1204 t
65 1172 142 1228 prum
160 1154 308 1228 quicquam
327 1155 429 1230 gloriae
442 1155 554 1212 domum
570 1154 722 1212 invidiaeve
730 1155 828 1221 lernen
849 1154 1004 1230 ‘milleprc

66 1240 135 1290 ‘ano
148 1232 295 1297 Kaesones
305 1233 460 1299 exstitisse,'
471 1235 740 1309 plebesquereretnr.
782 1232 888 1290 Mediis
896 1233 1003 1301 diebos,

65 1312 160 1384 quibus
172 1311 279 1368 tribuni
291 1314 327 1370 de
339 1314 400 1386 lege
413 1332 467 1370 nou
482 1328 602 1388 agerent,
616 1312 682 1370 nibil
694 1313 797 1370 eisdem
807 1313 860 1368 illis
869 1313 1004 1388 placidius

65 1404 107 1448 aut
118 1392 243 1466 quietius
265 1405 331 1449 erat.
372 1392 497 1467 Benigne
510 1393 638 1460 salutare,
651 1392 753 1468 alloqui
768 1392 854 1468 plebis
868 1391 1002 1459 homines,

65 1471 173 1528 domum
187 1471 313 1538 invitare,
327 1471 422 1528 adesse
436 1471 463 1528 in
478 1473 545 1539 foro,
560 1472 683 1529 tribunos
696 1471 770 1547 ipsos
780 1471 1004 1548 oeterapatisine

4 1587 6 1614 ,
64 1550 281 1625 interpellatione
296 1551 410 1608 concilia
423 1549 542 1608 babere:
562 1570 701 1625 nunqnam
716 1550 774 1618 ulli,
785 1570 875 1626 nequa
885 1550 1003 1626 publice,

4 1621 6 1672 l
66 1648 150 1704 neque
167 1628 307 1706 privatim,
328 1643 419 1687 truces
439 1649 508 1698 esse,
528 1630 581 1686 aiei
595 1650 679 1705 quum
694 1631 729 1688 de
742 1630 803 1706 lege
816 1631 860 1705 agi
873 1643 1002 1724 coeptam

66 1721 135 1766 esset
147 1707 165 1764 ¹.
209 1709 286 1766 Alibi
297 1709 435 1784 popularis
439 1709 571 1786 juventus
581 1722 648 1767 erat.
690 1709 751 1766 Nec
761 1721 853 1766 cetera
863 1710 946 1766 modo
957 1709 1002 1766 tri·

4 1803 5 1808 ’
65 1787 129 1844 bani
142 1788 447 1863 tranquillbperegere;
466 1789 516 1846 sed
526 1788 641 1846 refecti²
657 1789 766 1864 qunque
776 1788 803 1844 in
815 1789 1003 1864 insequentem

66 1883 173 1926 anuum.
218 1867 263 1924 Ne
278 1886 345 1924 voce
359 1868 470 1944 quidem
485 1868 667 1934 incommodi,
682 1869 783 1924 nedum
798 1880 830 1924 ut
843 1867 947 1924 ullavis
956 1867 1005 1924 lie·

69 1958 113 2012 ret,
120 1946 271 2022 paullatim
286 1948 482 2021 permulcendo
495 1947 691 2021 tractandoque
700 1947 935 2003 mansuefecerant
946 1945 1005 2022 ple·

68 2025 134 2082 beru.
176 2024 235 2082 His
249 2039 400 2100 portatum
414 2045 515 2082 annum
530 2027 634 2082 artibus
648 2026 692 2082 lex
705 2025 783 2082 elusa
796 2037 847 2081 eet.

206 2103 273 2162 XV.
294 2105 447 2180 Accipiunt
466 2105 606 2180 civitatem
627 2103 802 2180 placidiorem
823 2102 949 2159 consules
972 2101 1005 2159 C·-

70 2184 125 2220 Μ
167 2183 312 2250 Claudius,
326 2185 416 2260 Appii
430 2184 510 2249 filius,
522 2184 592 2240 etP.
604 2183 730 2240 Valerius
741 2181 888 2239 Publicola
931 2177 1006 2237 Nihil

70 2239 123 2287 ²94·
165 2263 231 2320 novi
246 2281 334 2320 novus
347 2283 434 2320 anniae
437 2263 584 2320 attulerat.
625 2260 709 2338 Legis
722 2261 850 2318 ferendae
870 2271 918 2318 aut
937 2260 1007 2318 anci·

68 2341 181 2414 piendae
193 2361 263 2400 cura
282 2342 421 2400 ciuitatem
442 2344 562 2400 tenebat
603 2340 766 2406 Quantum
753 2340 878 2416 juniores
892 2341 1007 2398 Panum

69 2420 137 2494 plebi
150 2441 181 2478 se
196 2420 284 2496 magis
298 2421 480 2488 insinuabunt,
495 2442 529 2478 eo
538 2423 627 2479 acrisio
635 2420 732 2479 contria
738 2420 839 2477 tribuni
848 2419 1007 2487 tendebant,

70 2511 98 2555 ut
110 2499 185 2575 plebi
197 2512 342 2575 suspectos
352 2521 399 2558 eos
410 2500 579 2559 criminando
589 2503 717 2559 lacerent.
758 2506 765 2534 ‘
782 2498 1008 2576 Conjurationem

69 2579 196 2644 ‘facum
218 2579 376 2637 Kaesonem
399 2579 505 2637 Romae
525 2600 602 2639 esse:
621 2579 872 2637 interficiendorum
886 2578 1009 2634 tribuno·

71 2663 158 2724 ‘rann
171 2659 354 2716 ‚trucidandae
367 2659 456 2734 plebis
465 2661 577 2717 consilia
590 2661 665 2717 inita.
706 2657 741 2715 ld
753 2657 858 2733 negotii
871 2657 966 2714 dutum
974 2658 1008 2714 ab

72 2737 243 2794 ‘senioribus
265 2738 388 2805 Petrum,
416 2751 448 2794 ut
464 2738 596 2814 juventus
613 2737 786 2796 tribuniciam
806 2748 971 2812 potestatem
992 2755 1008 2793 e

72 2816 233 2892 ‘republicis
249 2817 367 2884 tolleret,
381 2818 522 2892 formaque
535 2819 630 2876 eadem
645 2817 763 2876 civitatis
775 2827 857 2882 esset,
867 2835 937 2890 quae
945 2826 1009 2872 ante

72 2894 205 2953 ‘Sacrum
228 2907 350 2952 montem
369 2911 532 2972 occupatum
552 2895 677 2954 fuerat³.'
732 2895 771 2952 Et
788 2894 823 2951 ab
847 2894 955 2953 Volscis
982 2905 1011 2952 ot

64 2973 178 3050 ¹Aequis
191 2988 295 3032 etatum
304 2973 363 3052 jam
377 2995 409 3034 ac
423 2996 455 3051 pr
456 2996 507 3051 ope
522 2975 654 3033 solenne'
647 2973 1009 3050 insingulosannosbellunt

71 3053 235 3112 timebatur.
256 3055 422 3130 propiusque
439 3055 513 3112 aliud
533 3075 635 3112 novum
648 3055 761 3121 malum,
770 3073 822 3111 nec
835 3050 948 3131 opinati>
962 3071 1010 3111 ex·

72 3145 168 3190 ortum.
212 3133 332 3190 Exsules
355 3135 489 3209 servique,
510 3136 546 3190 ad
564 3147 686 3210 quatuor
713 3133 797 3190 millia
820 3131 962 3190 bominum
981 3144 1010 3190 et

72 3212 222 3288 quingenti,
237 3213 307 3270 duce
323 3214 378 3288 Ap.
400 3213 545 3271 Herdonio
568 3213 676 3281 Sabino,
691 3227 772 3270 nocte
787 3211 954 3289 Capitolium
969 3223 1009 3269 at·

72 3311 121 3365 que
132 3311 224 3349 arcem
234 3311 411 3368 occupavere.
453 3291 605 3351 Confestim
614 3292 642 3349 in
651 3311 712 3350 arce
720 3291 792 3349 facta
800 3293 897 3350 caedes
905 3309 1010 3357 eornm,

73 3371 115 3444 qni
126 3370 270 3446 conjurare
285 3385 313 3428 et
326 3369 407 3430 simul
422 3391 519 3448 capere
533 3390 608 3428 arma
621 3371 773 3428 noluerant.
814 3368 875 3429 Alii
888 3371 1011 3424 intertu-
1036 3448 1040 3456 .

104 3489 213 3548 ¹.seep
227 3487 267 3544 45,
281 3488 373 3538 ncte3.
477 3487 486 3518 ¹
506 3489 588 3548 Scep
602 3485 657 3545 lan,
670 3485 762 3536 nctess.
866 3481 1010 3531 'Falerni

75 3555 151 3618 Sceps
169 3554 224 3614 106,
239 3556 353 3604 notul..
991 3557 999 3574 ⁴
