2224 3862
12 341 14 376 l

12 423 14 480 t

425 231 550 292 LIBER
570 232 623 291 IV.
950 235 1008 294 287

72 391 169 456 Quibus
188 389 366 450 venientibus
379 392 415 450 ad
428 392 511 449 finem
532 392 633 468 legatio
646 389 806 469 Vejentium
821 393 929 450 obviam
943 393 1005 452 luit.

67 471 174 536 Petiere,
197 479 257 528 ‘ne
273 473 359 547 priris,
380 469 463 546 quiam
483 471 538 548 ipsi
558 483 683 529 senatum
700 472 857 528 Romanum
871 473 1003 542 adissent,

67 550 164 626 ‘Vejos
178 550 285 608 iretur.’
327 553 375 608 Ab
388 563 486 608 senatu
499 551 688 626 impetratum,
710 558 718 586 ‘
732 551 796 625 quia
809 551 947 609 discordiis
960 554 1002 610 in·

67 636 74 664 ‘
85 631 179 687 testina
188 631 346 687 laborarent
357 628 506 707 Vejentes,’
517 649 553 686 ne
563 649 607 687 res
616 632 651 686 ab
662 630 695 685 iis
705 642 902 704 repeterentur.
928 631 1002 689 Tan·

65 719 116 765 tum
128 709 209 776 afuit,
224 722 258 766 ut
271 729 307 766 ex
318 708 496 766 incommodo
509 709 601 766 alieno
614 727 664 766 sua
677 709 785 766 occasio
794 721 941 784 peteretur.
964 711 1002 769 Et

65 787 87 842 in
100 788 207 845 Volscis
221 802 338 864 accepta
355 789 456 855 clades,
477 788 578 846 amisso
592 788 746 862 Verrugine
760 789 903 862 praesidio.
945 791 1003 850 Ubi

64 880 159 924 tantum
175 868 205 923 in
220 881 348 942 tempore
360 868 413 924 fuit
427 868 569 934 momenti,
584 879 616 924 ut
630 887 715 942 quum
729 868 905 943 precantibus
919 887 1001 944 opem

63 946 195 1010 militibus,
212 948 262 1023 qui
276 947 315 1003 ibi
331 947 466 1004 aVolsois
479 946 684 1014 obsidebantur,
699 945 830 1012 succurri,
845 947 868 1002 si
882 962 1002 1006 matura-

64 1037 114 1081 tum
128 1037 213 1093 esset,
229 1026 375 1101 potuisset,
394 1027 429 1083 ad
443 1026 471 1081 id
485 1027 591 1082 venerit
605 1027 742 1084 exercitus
755 1025 879 1084 subsidio
891 1027 1001 1096 missua,

63 1117 88 1160 ut
99 1106 131 1162 ab
144 1106 254 1162 recenti
268 1106 353 1162 caedo
366 1105 451 1181 palati
465 1106 500 1162 ad
511 1105 699 1180 praedandum
711 1105 803 1161 hostes
814 1105 1001 1180 opprimeren-

62 1195 106 1239 tur.
146 1183 303 1242 Tarditatis
316 1203 400 1242 causa
412 1185 439 1240 iu
454 1197 552 1242 senatu
564 1184 650 1259 magis
664 1184 725 1252 fuit,
736 1182 820 1258 quiam
831 1183 859 1240 in
868 1185 999 1241 tribunis:

62 1264 109 1336 qui,
129 1263 195 1338 quia
217 1265 327 1320 ιιιιιιιιιΐι
348 1264 375 1320 vi
394 1276 497 1320 restare
517 1263 726 1330 nunciabantur,
748 1281 844 1338 parum
862 1263 1000 1338 cogitave-
1062 1319 1069 1334 ,

62 1355 124 1408 runt,
152 1342 233 1399 nullia
257 1342 358 1399 virtute
386 1343 509 1418 superari
532 1342 833 1399 humanarum¹ririum
857 1343 971 1399 modum
982 1343 1001 1398 ¹.

61 1419 209 1480 Fortissimi
223 1422 324 1478 milites
338 1439 393 1478 non
407 1435 510 1488 tamen,
530 1441 583 1478 nec
597 1421 660 1489 vivi,
675 1441 727 1478 noc
740 1433 804 1497 post
817 1434 944 1488 mortem,
959 1422 1000 1478 itt·

150 1501 208 1558 ulti
221 1501 306 1558 suere.
347 1499 509 1576 insequenti
523 1520 604 1565 anno,
620 1501 652 1557 Ρ.
667 1513 697 1558 et
712 1500 763 1558 Cn.
779 1500 915 1558 Corneliis
930 1501 1000 1559 Cos·

61 1570 80 1604 υ·
93 1571 113 1607 ⁰·
151 1581 202 1648 sis,
219 1578 256 1637 N.
271 1579 356 1637 Fabio
372 1581 521 1647 Ambusto,
535 1579 570 1636 L.
583 1579 695 1637 Valeu'o
707 1580 810 1647 Potito,
821 1579 938 1637 tribunis
948 1581 1000 1637 rui·

61 1623 109 1673 Μ’
150 1660 237 1717 litum
250 1659 386 1718 consulari
402 1671 547 1734 potestate,
558 1651 664 1735 Vejeus
675 1660 777 1716 bellurn
789 1673 895 1716 motum
905 1661 941 1716 ob
954 1679 1000 1718 su·

60 1739 166 1812 perbum
181 1759 348 1816 responsum
357 1738 483 1816 Vejentis
497 1739 623 1805 senatits3
644 1739 692 1814 qui
706 1739 802 1814 legatis
812 1738 1000 1814 repetentibus

61 1827 105 1883 tes,
119 1825 126 1852 ‘
139 1820 169 1875 ni
183 1819 355 1876 facesserent
368 1837 484 1893 propere
498 1819 566 1874 urbe
579 1817 753 1894 finibusque,'
769 1826 777 1854 ⁸
791 1819 913 1884 daturos,
925 1819 1001 1892 quod

61 1898 143 1955 ‘Lars
164 1898 335 1954 Tolumnius
356 1896 517 1964 dedisset²,’
540 1897 701 1972 responderi
716 1896 809 1972 jussit.
850 1897 884 1952 ld
902 1896 999 1954 Patres

60 1993 131 2050 aegre
145 1979 222 2054 passi
236 1979 391 2044 decrevere,
408 1983 416 2011 ‘
430 1989 462 2032 ut
475 1976 578 2032 tribuni
591 1975 710 2032 militum
722 1975 839 2032 debello
852 1975 1000 2032 indicendo

62 2054 245 2132 ‘Vejentibus
258 2057 348 2132 primo
361 2075 472 2130 quoque
491 2055 537 2111 die
550 2055 585 2111 ad
600 2055 733 2130 populum
754 2053 874 2110 ferrent!
915 2053 1000 2116 Quod

60 2134 100 2190 ubi
112 2132 205 2211 primd
219 2136 425 2211 promulgatum
438 2146 490 2201 est,
504 2135 622 2190 fremere
630 2131 773 2210 juventus,
789 2140 796 2166 ‘
809 2131 941 2188 Nondum
951 2134 1000 2190 ds·

61 2221 67 2246 ‘
79 2214 207 2272 bellatum
219 2214 230 2246 ³
245 2233 308 2272 cum
321 2214 429 2271 Volscis
444 2233 522 2270 esse:
543 2209 627 2268 modd
642 2213 698 2269 duo
707 2212 842 2287 praesidia
856 2212 1000 2271 occidione

61 2295 174 2361 ‘occisa,
197 2306 310 2350 etcum
332 2293 456 2370 periculo
474 2291 587 2350 retineri
598 2290 620 2348 ⁴.
669 2291 783 2348 Nullum
805 2311 907 2348 annum
928 2311 999 2359 esse,

60 2378 129 2446 ‘quo
142 2393 200 2430 non
215 2373 274 2430 acio
287 2373 453 2430 dimicetur:
473 2385 510 2440 et,
525 2385 656 2445 tanquam
664 2371 805 2448 poeniteat
818 2371 938 2428 laboris⁵
950 2391 999 2430 no·

59 2481 102 2529 lind
118 2501 133 2532 a
148 2495 220 2532 truce
237 2483 275 2531 for
286 2483 320 2533 40
336 2499 405 2545 years
416 2481 487 2530 made
499 2483 556 2530 with
568 2484 609 2531 the
621 2482 741 2538 Veientes,
756 2483 811 2538 280,
824 2483 877 2546 (Π.
893 2482 949 2541 54η)
962 2484 1001 2532 sor

59 2549 170 2614 lllyears,
181 2553 229 2599 and
238 2563 279 2612 yet
287 2553 327 2599 the
336 2551 464 2600 Fidenates
469 2551 565 2616 joining
572 2553 613 2599 tlte
619 2551 732 2599 Veientes
741 2551 834 2612 against
842 2551 881 2596 tlte
892 2551 1001 2598 Romana

59 2617 81 2663 iu
96 2621 134 2667 tbe
150 2635 210 2683 yeor
227 2620 285 2676 31¹7,
306 2620 333 2667 C.
351 2619 402 2668 lt?
422 2619 459 2668 'so
476 2633 571 2666 remove
588 2620 629 2666 the
645 2619 766 2680 difficulty
777 2617 903 2678 presented
915 2621 947 2680 by
959 2620 1000 2667 tbe

59 2684 104 2736 first
111 2704 222 2750 passage,
234 2703 300 2734 some
311 2695 497 2736 commentatore
509 2687 607 2734 inserta
618 2702 690 2749 year3
708 2689 753 2734 but
760 2686 807 2734 tbis
818 2685 896 2732 leaves
909 2701 939 2734 us
950 2687 1000 2734 still

59 2769 100 2802 oue
108 2772 165 2818 year
175 2766 200 2802 to
212 2765 315 2802 account
325 2755 370 2809 for,
383 2755 432 2802 and
443 2754 493 2801 will
505 2763 548 2800 not
559 2756 624 2802 solve
633 2756 673 2802 the
682 2753 770 2802 second
782 2753 900 2816 question.
940 2755 999 2802 Nie-

59 2821 122 2882 buhr,
137 2824 198 2872 with
217 2823 347 2870 admirable
361 2823 498 2885 ingenuity,
516 2838 603 2884 argues
620 2823 671 2869 that
688 2823 727 2868 the
745 2832 785 2867 ten
803 2822 888 2868 montlt
905 2837 962 2884 year
978 2822 999 2870 is

59 2901 133 2938 meant
143 2893 169 2938 in
179 2892 220 2938 the
229 2901 315 2948 truces,
328 2890 375 2936 and
386 2890 519 2937 thetwelve
530 2891 614 2936 mouth
624 2905 680 2951 year
689 2889 713 2934 in
724 2890 763 2934 tbe
772 2889 929 2951 chronology.
967 2891 999 2937 lu
1097 2915 1098 2918 ¹

57 2957 94 3004 tbe
104 2959 157 3007 first
168 2969 237 3005 truce
248 2960 306 3006 then
318 2959 428 3014 webave,
440 2957 629 3016 toxaffloo,
640 2957 687 3004 and
697 2955 898 3019 200÷12=163
911 2971 978 3018 years
990 2977 997 3016 ;

59 3025 94 3072 the
112 3037 181 3075 truce
201 3025 319 3074 therefore
336 3025 383 3072 had
403 3025 502 3085 explred
520 3026 545 3070 in
566 3027 606 3072 tbe
626 3040 683 3087 year
702 3023 761 3072 347.
799 3023 830 3071 In
849 3027 889 3072 the
910 3023 999 3072 second

60 3090 247 3152 10><4tt=40u
258 3093 307 3142 and
318 3091 529 3156 400÷12=333,
541 3094 582 3140 the
593 3101 661 3141 truce
671 3091 783 3154 expiring
791 3090 849 3140 314.
928 3093 935 3121 ¹
948 3097 998 3142 Pa-

58 3177 114 3220 ιιιιι,
131 3165 179 3212 &n
218 3161 269 3210 Did
287 3171 330 3208 not
341 3161 488 3222 sufficiently
499 3159 588 3214 reflect,
600 3162 651 3208 tbat
663 3176 695 3208 no
706 3159 790 3208 valour
802 3175 847 3208 cun
858 3175 891 3222 go
902 3160 999 3223 beyond

59 3228 94 3274 the
105 3230 180 3276 limits
191 3229 220 3276 ot*
228 3231 318 3276 burnan
330 3230 445 3291 strength.
522 3223 532 3250 ¹
550 3229 594 3275 See
608 3229 636 3276 C.
653 3228 691 3276 17.
763 3225 773 3254 ⁸
788 3228 838 3275 See
848 3243 871 3287 p.
888 3227 928 3283 98,
941 3237 999 3276 note

59 3296 81 3342 2·
146 3298 155 3326 ⁴
175 3301 329 3352 Praesidium
347 3297 422 3344 either
439 3311 454 3342 a
470 3294 538 3356 place
549 3295 697 3356 garrisoned,
714 3311 743 3344 or
753 3295 794 3342 tbe
804 3294 913 3356 garrison
924 3293 996 3341 itsell'.

61 3361 83 3410 lt
99 3365 118 3412 is
134 3367 192 3412 here
204 3365 263 3414 used
276 3366 301 3414 in
312 3365 369 3412 both
382 3379 478 3420 seuseu
496 3363 521 3408 in
533 3365 574 3410 the
585 3363 637 3410 first
648 3363 736 3420 clause,
749 3363 789 3409 the
802 3361 871 3408 letter
882 3360 997 3422 meaning

60 3432 145 3493 applies
156 3451 164 3492 ς
181 3433 206 3478 iu
225 3434 264 3480 the
282 3432 353 3480 latter
364 3431 453 3488 clauae,
466 3430 484 3476 it
495 3443 578 3476 means
588 3431 629 3476 the
640 3430 715 3490 place.
754 3429 806 3476 The
817 3436 865 3472 two
876 3426 998 3486 garrisoua

59 3513 115 3548 were
131 3500 157 3546 in
172 3500 284 3562 Verrugo
301 3499 350 3546 and
369 3499 524 3548 Carventum.
602 3498 612 3525 ⁵
630 3502 752 3548 Poenitcot
762 3497 855 3548 laboris,
868 3495 924 3552 they
933 3506 998 3540 wera

59 3567 167 3636 mbamed
177 3567 207 3614 of
214 3568 254 3619 tlte
266 3566 383 3614 littleness
393 3565 422 3622 οἱ
431 3563 492 3612 their
503 3562 596 3612 labour.
668 3627 669 3632 1
