2232 3862
424 225 546 286 LIBER
566 223 591 282 1.
772 215 775 222 ’
956 231 994 287 28

59 409 123 448 sacra
136 386 287 446 Pontificis
300 385 378 443 scitis
391 385 525 462 subjecitt
545 396 577 442 ιιι
596 393 677 452 esset,
697 387 753 460 qub
766 386 920 444 consultum
936 373 1007 465 ple-⁶

58 473 96 527 bas
108 468 219 526 veniret
228 489 235 534 ;
245 480 246 483 ’
255 485 293 522 ne
307 465 376 540 quid
390 463 475 521 dirici
483 463 562 540 juris,
570 462 733 539 negligendo
742 465 844 542 patrios
856 467 934 533 ritris,
946 487 996 542 pe·

57 549 228 630 regrinosque
238 544 432 611 adsciscendo,
440 545 603 600 turbaretur.
644 543 705 600 Nec
713 544 843 602 coelestes
854 547 937 603 modh
950 565 995 604 ce·

57 627 193 692 amonius,
209 624 262 682 sed
272 624 351 700 justa
363 623 473 698 qudque
486 621 610 680 funebria
620 622 822 699 placandosque
836 623 946 692 Manes,
964 639 996 682 ut

11 705 13 802 y
57 708 121 763 idem
135 703 274 762 Pontifex
288 703 435 764 edoceretr
447 720 571 776 quaetpre
585 700 721 778 prodigia,
735 700 893 760 fulminibus
906 704 995 762 aliove

56 785 171 860 quovisu
186 783 285 850 missa,
296 781 501 856 susciperentur
513 793 596 854 atque
609 794 768 838 curarentur
778 779 796 838 ¹.
836 783 885 840 Ad
899 803 932 840 ea
947 785 996 841 eli·

57 864 143 922 cienda
155 882 195 920 ex
210 861 355 919 mentibus
367 859 475 928 divinis,
489 859 555 918 dori
570 859 659 916 Elicio
671 878 744 917 aram
759 861 787 916 in
801 861 942 919 Aventino
955 863 996 920 di·

57 943 125 1008 cavit,
140 942 303 1016 Deumque
316 939 455 998 consuluit
467 938 597 1014 auguriis,
611 957 681 1014 quae
694 939 867 1015 suscipienda
879 955 978 1000 essent.

88 1021 168 1079 XXI.
196 1021 251 1078 Ad
275 1019 344 1077 haec
367 1018 546 1076 consultanda
566 1018 799 1093 procurandaque,
822 1019 996 1079 multitudine

57 1101 122 1158 omui
132 1121 150 1158 a
159 1101 189 1156 vi
203 1113 236 1157 et
249 1099 334 1156 armis
348 1097 486 1164 conversi,
500 1107 529 1154 et
542 1095 626 1154 animi
638 1096 741 1171 aliquid
751 1098 858 1172 agendo
871 1102 998 1176 occupati

58 1193 133 1247 erant,
144 1193 175 1236 et
186 1179 321 1235 Deorum
334 1177 444 1234 assidua
456 1175 577 1232 insidens
590 1194 663 1241 cura,
674 1195 760 1250 quum
773 1177 904 1234 interesse
917 1179 998 1236 rebus

58 1259 177 1316 humanis
195 1257 322 1315 coeleste
337 1255 449 1313 Numen
464 1255 611 1322 videretur,
632 1255 783 1331 capiatne
799 1256 921 1313 omnium
935 1277 999 1334 pec·

61 1353 109 1396 tora
124 1339 279 1402 imbuerat,
299 1346 332 1391 ιιι
349 1335 417 1391 fides
436 1353 469 1392 ac
483 1332 685 1410 jusjurandum,
704 1334 830 1410 proximo
851 1336 943 1411 legum
966 1357 999 1396 ac

60 1436 203 1494 poenarum
225 1426 308 1472 metu
316 1413 337 1481 ²,
359 1413 497 1470 civitatem
517 1423 651 1488 regerent.
691 1412 729 1470 Et
742 1433 827 1489 quum
841 1414 893 1491 ipsi
906 1435 936 1474 sa
950 1415 999 1474 ho·

60 1498 137 1554 mines
153 1497 185 1552 iu
206 1494 293 1570 regis,
314 1493 390 1550 velut
408 1492 481 1550 unici
500 1491 627 1568 exempli,
647 1511 737 1549 mores
757 1495 919 1562 formarent;
939 1507 999 1554 tum

60 1576 159 1634 finitimi
173 1575 264 1632 etiam
279 1571 383 1649 populi,
397 1572 528 1647 quiante,
543 1583 639 1638 castra,
652 1590 707 1628 uon
720 1567 825 1641 urbem,
839 1574 956 1650 positam
970 1577 1000 1634 in

61 1656 144 1712 medio
157 1655 195 1712 ad
209 1652 415 1710 sollicitandam
428 1650 550 1708 omnium
569 1669 674 1726 pacem,
694 1651 874 1720 crediderant,
894 1654 922 1710 in
938 1673 1000 1712 eam

63 1733 254 1792 verecundiam
268 1730 380 1788 adducti
394 1741 509 1797 suatur
521 1729 668 1795 civitatem,
684 1740 769 1787 totam
782 1731 811 1788 in
821 1732 926 1790 cultum
940 1753 1000 1792 ver·
1103 1725 1104 1732 ἵ

63 1833 112 1870 sam
126 1813 270 1878 Deorum,
285 1809 380 1866 violari
393 1809 525 1866 ducerent
537 1810 620 1866 nefas.
660 1807 756 1867 Lucus
769 1822 835 1879 erat,
849 1831 932 1886 quern
943 1833 1000 1871 me·

64 1894 130 1948 dium
144 1911 181 1948 ex
196 1909 288 1966 opaco
302 1907 387 1964 specu
398 1889 462 1946 -fons
475 1889 588 1964 perenni
607 1887 711 1962 rigabat
726 1889 805 1963 aqua,
823 1889 879 1964 qud
895 1892 959 1966 quia
971 1912 1001 1950 re

64 1991 187 2048 persaepe
203 1969 301 2026 Numa
313 1967 373 2024 sine
384 1967 499 2035 arbitris,
519 1967 595 2024 velut
614 1968 650 2024 ad
669 1987 845 2042 eougmssum
858 1970 946 2040 Deae,
961 1971 1002 2028 in-

63 2049 170 2117 ferebat,
185 2047 320 2108 Camenis
335 2066 398 2104 eum
412 2047 504 2104 lurum
518 2045 648 2110 sacratim
669 2051 677 2080 ‘
691 2047 765 2120 quhd
779 2067 872 2104 earum
885 2049 925 2105 ibi
938 2067 1002 2106 con-

66 2129 141 2188 ‘oilia
154 2148 222 2186 cum
238 2126 356 2203 conjuge
370 2126 419 2182 sui
435 2122 650 2200 Egeritsssentss
691 2124 729 2181 Et
742 2125 793 2181 soli
803 2125 880 2184 Fidei
890 2127 1003 2186 solenus

65 2207 212 2265 instituit³.
259 2206 307 2262 Ad
328 2205 357 2260 id
376 2205 522 2262 sacrarium
541 2203 665 2260 flamines
685 2201 763 2278 bigis,
783 2223 865 2262 curru
882 2219 1003 2274 arcuato,

65 2286 121 2344 rehi
129 2286 227 2364 jussit,
246 2303 384 2359 manuque
399 2285 434 2341 ad
451 2284 552 2360 digitos
567 2301 655 2357 usque
670 2281 793 2340 involuti
808 2303 864 2342 rem
883 2286 1003 2345 divinam

65 2367 166 2424 facere:
186 2363 375 2440 significantes
388 2364 470 2420 fidem
485 2363 637 2429 tutandam,
646 2363 794 2439 sedemque
807 2364 865 2442 ejus
879 2367 960 2424 ctiam
975 2367 1005 2424 iu

68 2445 166 2502 dextris
181 2455 316 2502 sacratam
330 2462 399 2499 esse.
438 2440 532 2498 Multa
545 2441 597 2499 alia
609 2441 740 2500 sacrificia
753 2443 866 2519 locaque
874 2446 957 2504 saeris
966 2448 1004 2504 fa·

67 2525 177 2592 ciendis,
192 2541 265 2598 quae
280 2522 389 2598 Argeos
403 2521 545 2598 pontifices
558 2532 666 2588 vocant,
685 2521 829 2580 dedicavit.
870 2525 1005 2589 Omnium

68 2617 155 2662 tamen
170 2602 323 2660 marimum
336 2601 396 2677 ejus
408 2619 521 2678 operum
533 2593 584 2657 fuit
592 2599 687 2666 tutela,
698 2619 748 2675 per
756 2621 837 2659 omne
847 2607 925 2678 regni
935 2616 1004 2662 tem·

68 2701 124 2756 pus,
138 2681 214 2740 baud
228 2682 317 2738 minor
329 2681 412 2757 pacis,
428 2679 510 2756 qudm
524 2679 609 2754 regni.
650 2677 694 2735 Ito
704 2680 760 2736 duo
774 2680 903 2759 deinceps
917 2703 1005 2760 reges,

70 2762 134 2820 nlius
153 2761 275 2827 artavit,
295 2759 342 2816 ille
355 2760 435 2826 hello,
455 2758 501 2816 hic
518 2777 594 2834 pace,
611 2757 749 2816 civitatem
763 2773 907 2818 auxemnt.
947 2764 1005 2820 Ro·

71 2841 157 2898 mulus
169 2851 279 2916 septem
293 2849 321 2896 et
335 2837 446 2914 triginta
458 2838 582 2913 regnavit
595 2855 697 2895 annos:
719 2836 812 2896 Numa
829 2852 883 2898 tres
898 2853 926 2900 et
939 2861 1005 2918 qua-

104 2998 110 3026 ¹
131 3003 241 3063 Quaeque
255 3000 373 3061 prodigio,
389 2998 430 3060 do.
466 2995 524 3044 And
539 2998 602 3044 what
618 2994 738 3058 prodigies
754 2995 874 3046 indicated
889 3001 922 3062 by
934 2999 1007 3064 light.

74 3065 130 3128 cing
146 3083 173 3114 or
190 3082 238 3128 any
249 3065 317 3113 other
331 3067 410 3128 object
425 3063 551 3126 presented
568 3074 593 3111 to
609 3065 649 3110 the
660 3063 731 3126 sight,
743 3065 830 3113 should
842 3068 871 3113 he
883 3067 953 3116 taken
965 3085 1007 3130 up,
1100 3080 1104 3088 '

75 3131 196 3193 (deserred
208 3131 349 3194 attentiom)
360 3131 408 3178 and
419 3131 536 3193 expiated.
574 3131 626 3178 Τιιο
636 3145 747 3178 οοιιιιιιοιι
760 3139 820 3178 term
838 3133 858 3180 is
872 3150 1008 3196 procurare,

76 3209 116 3245 not
124 3215 213 3248 curare.
290 3195 300 3224 ²
317 3204 434 3257 Proximo,
446 3205 489 3264 ᾇο.
528 3199 579 3247 'lhe
590 3197 661 3246 dread
673 3198 702 3244 of
716 3197 773 3246 lawa
784 3199 832 3246 and
843 3201 958 3262 penalties
968 3207 1010 3253 he-

77 3266 116 3329 ing
125 3271 191 3331 (next
199 3266 247 3314 and
257 3267 442 3330 consequently)
451 3265 556 3314 inferior.
627 3265 637 3293 ⁸
650 3269 684 3314 Et
695 3269 736 3316 soli
747 3269 824 3325 Fidei,
833 3271 875 3332 dc.
911 3270 1011 3318 Viewed

78 3335 103 3380 iu
119 3335 250 3382 connexion
262 3335 320 3382 with
337 3337 377 3382 the
393 3349 491 3396 passage
507 3331 669 3394 immediately
686 3335 822 3397 preceding,
842 3337 882 3383 the
897 3337 1011 3399 meaning

78 3402 188 3464 probably
199 3403 228 3460 is,
238 3402 317 3450 whilst
326 3404 410 3450 Numa
420 3401 474 3462 paid
483 3402 548 3448 these
557 3402 663 3446 honours
671 3408 696 3447 to
704 3402 772 3449 other
783 3401 874 3451 Deities
882 3401 1009 3458 inmasses‘,

80 3469 108 3512 he
119 3469 255 3516 considered
270 3469 338 3516 Faith
350 3485 364 3516 a
375 3469 451 3516 virtue
463 3468 492 3516 of
500 3483 527 3514 so
538 3468 610 3514 much
622 3465 777 3528 importante,
789 3484 814 3516 as
826 3477 850 3515 to
861 3465 968 3513 institute
979 3481 1011 3514 sn

80 3536 166 3584 rnnaal
179 3536 312 3605 festivalis
321 3537 367 3584 her
377 3535 426 3584 sole
436 3537 538 3585 honour.
612 3578 615 3586 .
718 3573 720 3580 >

1015 3739 1104 3836 Δ
