2224 3862
404 231 529 294 mnne
549 229 601 290 rr.
785 181 788 192 ’
863 257 893 322 .·
937 231 992 294 etr

196 393 307 459 XXIII.
327 392 475 452 ‘Eundem
486 392 613 450 nonanbr
623 389 997 466 iueeqaentiannoreleutae,

83 461 129 502 M·
162 469 996 548 ‘iniamuuinnVirginiumirenm‚'apndMaeremLi·

80 521 124 570 321.
158 555 256 612 oinium
277 553 396 612 invenio.
440 551 567 610 Valerius
588 550 689 611 Antias
713 563 742 607 et
761 551 797 614 Q.
818 551 931 610 Tubero
951 553 997 612 M.
1092 583 1093 588 1

79 632 192 692 Manlium
207 646 238 690 et
258 631 470 709 Q..Sulpioiuru
492 630 620 689 uoneulee
641 630 670 686 in
693 647 758 686 eum
779 649 879 688 annum
902 633 998 691 edunt.
1036 631 1038 638 '

77 713 187 772 uuum
197 713 228 770 in
242 725 300 770 tem
313 713 485 788 discrepante
505 711 627 768 editione
638 721 669 767 et
683 708 795 767 Tubero
812 723 841 768 et
854 709 953 770 Mater
965 713 998 770 li·

76 793 125 850 bma
130 792 226 850 intent
232 803 360 850 nuutnrea
368 792 549 868 profitentur:
563 801 670 857 neuter,
680 794 690 822 ⁴
701 789 826 848 tribanus
835 791 954 849 militnm
964 811 999 851 eo

76 869 909 946 ‘urotnineneditumanriptortbnaantiquie’dissrmutrt
948 871 998 929 Li·

74 950 131 1008 tinia
142 951 222 1008 libros
235 949 311 1008 bend
321 950 406 1010 dubie
416 950 494 1026 aequi
507 949 607 1007 liuteoe
619 949 724 1025 placen
745 961 774 1006 et
785 948 898 1006 Tubero
911 951 999 1009 iuuer-
1092 989 1093 992 =

74 1041 108 1104 tue
119 1029 170 1088 reri
181 1042 235 1090 aet.
264 1031 322 1088 Sed
330 1031 405 1088 inter·
412 1044 514 1096 *oetam
524 1040 663 1088 vetnatnte
676 1029 856 1105 incomperta,
867 1026 921 1087 boe
930 1027 1000 1108 qud·

18 1179 20 1194 ι
73 1110 150 1183 quein
162 1109 269 1168 inuento
283 1111 415 1185 poeitnm.
456 1109 638 1184 Trepidatum
652 1109 679 1164 in
696 1109 809 1168 Etrurid
821 1121 865 1166 est
877 1123 940 1184 poet
954 1109 999 1168 Fi-

18 1195 20 1264 l
72 1189 141 1246 denae
158 1201 261 1266 nuptae,
281 1208 338 1246 non
354 1187 518 1265 Vejeutibua
538 1188 626 1244 aolirrn
643 1189 785 1248 exterritis
804 1201 882 1245 metu
901 1189 999 1248 eimilia

19 1279 20 1284 ’
73 1267 165 1335 excidii,
174 1269 229 1326 aed
242 1268 327 1327 etiem
342 1267 457 1326 Falieuie
470 1267 604 1326 rneruoriti
616 1267 677 1324 initi
690 1269 780 1344 primd
794 1287 856 1324 eum
871 1267 905 1324 iia
918 1267 982 1326 belli
993 1293 1000 1337 ;

19 1365 20 1400 r
72 1366 209 1422 qrnuqnnnr
229 1347 427 1406 rebellantibus
438 1348 445 1378 ¹
458 1367 514 1406 non
533 1348 684 1404 adfuerant.
725 1348 814 1423 Igitur
827 1367 913 1421 quum
928 1348 1000 1406 duee

74 1425 187 1494 civitatee,
200 1427 304 1503 legatie
315 1427 389 1486 euna
399 1426 548 1486 duodenim
559 1427 676 1504 papulus
690 1427 788 1494 miesie,
799 1427 1000 1504 impenderent,

73 1518 97 1564 ut
106 1507 136 1564 ad
147 1506 314 1565 Voltumnae
326 1507 420 1564 benur
435 1507 602 1564 indiceretur
614 1507 690 1563 omni
700 1506 827 1564 Etrurine
838 1507 983 1566 concilium
993 1531 1002 1576 ;

73 1585 245 1662 relutrnngnn
260 1586 327 1660 inde
345 1587 467 1644 tumultu
482 1585 652 1654 imminente,
673 1599 785 1644 eeuatue
800 1585 888 1644 Mam.
904 1588 1001 1646 Aemi·

74 1663 126 1722 liuu
143 1666 307 1724 dictatorem
328 1665 429 1728 iterum
449 1665 505 1723 diei
519 1665 611 1742 jueait.
659 1665 762 1724 Abeo
782 1668 821 1723 A.
840 1666 1002 1725 Postumius

75 1741 195 1805 Tubertus
209 1745 342 1821 magiater
354 1745 481 1821 equitnm
493 1759 536 1802 eet
549 1745 657 1812 dietant
674 1745 832 1822 bellumque
852 1757 930 1804 tantu
943 1765 1001 1804 mn·

71 1820 126 1897 jora,
138 1823 220 1900 quaint
230 1825 369 1902 proxime,
389 1837 490 1882 euentu
501 1838 663 1900 apparatum
678 1838 729 1892 eet,
750 1838 854 1900 quanto
867 1827 930 1902 plue
943 1837 1002 1885 eret

75 1901 178 1962 domni
190 1903 313 1962 Etruriit
322 1903 445 1981 periculi,
456 1902 542 1979 quim
555 1905 591 1961 ab
603 1905 712 1960 dunbua
726 1905 834 1980 populis
847 1905 945 1963 fuerat.

103 1981 206 2060 XXIV.
229 1984 272 2042 Ea
280 2003 324 2040 ree
335 1983 688 2060 aliquantoerrapentatione
699 1985 822 2039 omnium
832 1984 1002 2059 tranquilIIer

75 2061 122 2120 trit
158 2064 257 2139 ltaque
271 2081 356 2138 quum
376 2062 567 2128 renunciatum
588 2081 605 2119 a
624 2063 821 2120 mercatoribus
834 2075 916 2130 esset,
932 2069 940 2098 ⁴
954 2083 1002 2122 ne·

76 2141 438 2220 ‘guavejantihnsarxinn
446 2142 594 2218 jueeneqne
602 2161 654 2198 eno
664 2141 779 2199 eeneilio
789 2141 891 2198 bellum
902 2139 1003 2200 irritum

76 2221 140 2281 ‘tuie
151 2223 256 2281 viribus
269 2223 457 2297 exsequi—nee
468 2222 643 2278 adverterem
658 2239 749 2278 rernm
760 2239 891 2296 quaerere
905 2223 1003 2292 eucine,

75 2304 146 2360 ‘tutu
167 2303 269 2379 quibue
290 2321 369 2378 npetu
386 2302 522 2378 integrum
539 2301 734 2359 communicati
755 2321 812 2358 nun
835 2301 891 2359 aiut
899 2301 915 2359 :¹
942 2313 1003 2360 tum

74 2377 184 2450 deuter,
204 2401 241 2440 ue
262 2382 445 2456 nequidquam
466 2393 576 2440 erantne
593 2393 675 2449 esset,
697 2381 811 2439 materie
831 2383 1003 2458 quaerendae

75 2457 132 2518 bellu
142 2461 245 2537 gloriae
259 2461 397 2536 adempta,
411 2461 441 2517 in
453 2479 521 2537 pace
535 2459 639 2536 aliquid
653 2463 743 2538 operis
753 2462 843 2528 edere,
859 2464 933 2536 quod
944 2483 1003 2522 mu·

34 2593 37 2598 .
73 2553 221 2609 numentum
235 2552 310 2598 esset
322 2541 483 2608 duraturae,
504 2542 626 2617 cupient,
648 2560 790 2599 eeneurum
810 2541 934 2600 minnere
954 2562 1002 2618 pt·

73 2629 120 2676 nt:
137 2639 187 2678 een
201 2619 314 2678 uitulum
328 2631 492 2696 pmoetntem
506 2634 591 2688 ratus,
612 2640 661 2678 eeu
674 2639 730 2677 non
743 2632 800 2678 tem
815 2621 1004 2696 magnitudine

73 2691 179 2768 bunaria,
193 2697 278 2774 quitur
292 2699 621 2768 diuturnitate-offensus.
661 2700 803 2758 Contione
817 2700 909 2775 itaque
919 2703 1002 2758 adve-

73 2777 133 2846 ent,
156 2779 383 2856 ‘rempublicam
406 2779 472 2836 forie
489 2779 655 2855 gerendum,’
678 2779 727 2848 nit,
749 2787 757 2814 ‘
776 2791 892 2856 tutaque
913 2781 1005 2840 emnia
1062 2810 1075 2832 ·

74 2859 254 2930 ‘praestanda
283 2857 361 2916 Deos
384 2858 552 2916 immortales
578 2859 749 2935 euecepiese3
773 2879 813 2929 ee,
834 2859 909 2934 quod
933 2861 1006 2920 intre

73 2938 177 2994 ‘armoe
191 2938 328 3014 agendum
340 2951 421 3006 esset,
435 2938 554 2996 libertati
567 2939 663 3016 populi
672 2938 793 2996 Romani
804 2939 1005 2999 consulturum.

73 3019 79 3046 ‘
91 3011 240 3074 Maximam
253 3029 347 3076 autem
360 3016 420 3094 ejne
431 3018 585 3076 custodiam
596 3037 666 3086 enee,
675 3018 698 3074 ei
708 3037 808 3094 magun
820 3020 935 3096 imperia
943 3023 1004 3080 diu·

73 3099 165 3154 ‘tuma
177 3116 233 3154 non
246 3093 355 3166 ee'sent;
374 3110 402 3156 et
422 3099 553 3174 temporie
568 3098 669 3156 modus
688 3098 885 3174 imponeretur,
904 3101 1005 3176 quibus

73 3176 79 3203 ‘
87 3170 152 3248 juris
170 3177 276 3253 luponi
297 3196 352 3234 nen
372 3189 474 3254 peeeet.
514 3176 595 3235 Aliee
615 3177 791 3253 magistratus
810 3197 916 3236 annuns
935 3199 1005 3248 eaee,

73 3254 314 3330 ‘quinquennalem
329 3275 488 3314 teneuram:
508 3263 593 3332 gra've
606 3277 675 3324 eene,
689 3257 787 3314 iierlem
800 3277 851 3335 per
864 3269 907 3315 tot
920 3277 1005 3317 annue

73 3333 185 3409 ‘magnit
197 3347 275 3412 parte
289 3335 361 3394 vitae
375 3335 508 3393 obnoxios
522 3335 622 3393 virere.
665 3335 701 3394 Se
715 3337 804 3412 legem
819 3338 946 3406 laturum,
970 3357 1006 3397 ne

74 3411 157 3486 ‘plna
171 3414 253 3490 quim
271 3433 362 3473 annue
381 3433 414 3474 ae
433 3415 581 3492 semestris,
604 3435 719 3474 teneura
731 3413 820 3472 esset!
862 3413 1006 3472 Conseneu

72 3489 169 3568 ingenti
182 3493 277 3572 pepuli
289 3494 379 3570 legem
393 3506 503 3572 postero
516 3493 563 3552 die
576 3493 749 3569 pertulit-et,
764 3501 772 3528 ⁴
785 3503 860 3551 utre
873 3491 950 3566 ipsiu'
964 3493 1006 3552 in

87 3635 90 3641 .
102 3595 307 3658 [Rededortu‘dnu
316 3597 388 3646 in'itr
399 3597 503 3661 original
513 3596 641 3660 menlage
649 3593 749 3658 making
759 3607 809 3640 wer
819 3590 897 3656 again.

1023 3725 1093 3844 fl
