2232 3862
69 0 215 173 q

48 84 60 108 ,

26 151 51 241 Ᾰι
131 197 170 254 es
346 225 348 227 -
521 197 669 258 nnrvn

130 354 282 430 adaequare
295 355 394 432 potuit.
421 355 477 414 His
489 355 626 415 laboribus
636 356 756 416 exerciti
765 357 853 456 plebe,
867 356 932 433 quia
944 367 974 416 et
987 354 1080 414 ‘urbi

132 441 140 467 ‘
153 434 366 502 multitudinem,
386 433 435 494 uhi
448 455 514 492 usus
526 455 581 492 non
595 448 677 504 esset,
691 437 767 494 oneri
788 436 899 494 rebatur
918 435 1019 504 ‘esse’
1042 447 1078 492 et

131 513 235 570 colonis
249 513 389 572 mittendis
407 515 535 590 occupari
554 515 635 574 latiis
654 515 761 592 imperii
778 515 846 573 lines
859 516 983 583 volebam
1006 513 1078 589 Sig-

129 592 204 650 niam
225 593 401 670 Circejosque
418 593 530 651 colonos
546 594 629 662 misit,
649 593 783 671 pmeridia
802 595 862 652 urbi
882 594 1078 668 futuraterrai

129 673 260 748 marique.
301 673 383 732 Haec
395 673 487 749 agenti
500 685 656 749 portentum
675 674 794 732 terribile
808 673 906 732 visum.
947 672 1076 749 Anguis,

128 770 164 808 ex
177 753 305 809 columnis
317 752 407 827 ligneis
419 752 535 828 elapsus,
556 771 640 826 quum
661 763 791 810 terrorem
812 753 960 828 fugamque
978 751 1009 808 in
1025 769 1076 808 re·

127 830 201 903 giam
214 832 331 900 lecisset,
346 831 431 908 ipsius
444 832 516 906 regis
524 850 579 888 non
590 844 645 890 tem
656 831 748 889 subito
758 849 858 907 pavore
871 831 989 908 perculit
1002 849 1076 906 pec·

126 921 181 977 tus,
195 911 278 985 quim
291 909 379 968 anxiis
392 909 516 987 implerit
527 911 609 968 curis.
635 909 733 986 Itaque
743 930 827 985 quum
838 911 874 968 ad
883 910 995 986 publica
1004 928 1076 985 pro-

127 987 201 1064 digia
214 989 325 1048 Etrusci
337 989 444 1047 tantiam
457 1000 533 1046 vates
545 988 746 1056 adhiberentur,
761 987 813 1047 hcc
826 989 902 1046 velut
914 987 1076 1046 domestico

126 1069 273 1128 exterritus
286 1069 356 1136 visu,
368 1066 493 1145 Delphos
506 1069 542 1126 ad
555 1068 675 1126 maxime
687 1068 820 1144 inclytum
834 1069 862 1124 in
877 1068 957 1126 torris
970 1086 1075 1125 oracu-

126 1146 183 1204 lum
199 1147 308 1224 mittere
322 1147 427 1211 statuit.
468 1146 566 1222 Neque
582 1165 713 1223 responsa
730 1147 843 1204 sortium
863 1147 912 1204 ulli
929 1146 975 1204 alii
990 1165 1075 1204 coru-

125 1226 236 1284 mittere
249 1245 340 1294 ausus,
354 1227 424 1284 duos
437 1226 508 1284 filios
521 1245 571 1303 per
583 1226 690 1301 ignotas
700 1227 734 1282 eia
743 1237 906 1301 tempestate
916 1221 1012 1292 terras,
1026 1224 1075 1300 ig·

125 1305 233 1362 notiora
249 1305 342 1371 maria,
362 1305 391 1362 in
405 1305 551 1363 Graeciam
568 1305 651 1362 misit.
691 1305 773 1362 Titus
791 1317 820 1362 et
834 1303 1075 1381 Arunsprofecti.

126 1383 229 1442 Comes
242 1382 287 1440 his
297 1384 407 1442 additus
421 1382 455 1442 L.
467 1383 569 1442 Juuius
583 1383 695 1451 Brutus,
707 1383 857 1460 Tarquinii
869 1393 978 1442 sorore¹
993 1382 1074 1458 regis

126 1473 216 1528 natus,
225 1461 337 1538 juvenis
350 1463 431 1538 longe
444 1463 512 1520 alius
522 1457 641 1538 ingenio,
651 1461 755 1538 (ιιιιῗιιιιΙ
771 1460 850 1538 cujus
862 1461 1073 1528 simulationem

125 1539 262 1598 induerat.
291 1541 328 1608 Ιι,
339 1559 423 1616 quum
435 1541 566 1616 primores
577 1541 703 1609 civitatis,
712 1541 851 1617 inquibus
861 1542 972 1600 fratrem
982 1559 1072 1598 suum

125 1619 161 1677 ab
174 1620 309 1677 avunculo
322 1619 495 1678 interfectum
509 1621 639 1688 audisset,
660 1640 751 1696 neque
768 1621 797 1680 iu
814 1620 907 1678 animo
921 1639 972 1678 suo
986 1619 1070 1694 quio·

124 1717 207 1772 quam
221 1700 278 1774 regi
292 1699 454 1766 timendum,
466 1717 556 1774 neque
566 1699 594 1756 in
603 1699 713 1756 fortunia
722 1699 972 1776 concupiscendum
982 1699 1070 1756 relin-

123 1795 208 1851 quere
216 1779 320 1846 statuit,
329 1789 543 1854 contemptuque
552 1789 629 1836 tutus
638 1797 707 1847 esse,
716 1777 765 1836 uhi
775 1779 802 1834 in
808 1777 872 1856 jure
880 1797 976 1854 parum
986 1796 1071 1854 prae·

124 1855 187 1913 sidii
201 1869 282 1914 esset.
322 1857 398 1933 Ergo
411 1876 446 1914 ex
464 1857 598 1914 industrii
613 1857 702 1916 factus
721 1857 755 1914 ad
776 1857 958 1914 imitationem
971 1855 1069 1914 stulti-

123 1935 187 2004 tiae,
202 1955 286 2011 quum
301 1955 331 1993 se
344 1955 447 2012 suaque
460 1937 576 2011 praedae
590 1955 649 1994 esse
663 1936 720 2012 regi
734 1936 844 2006 sineret,
858 1935 939 1994 Bruti
952 1936 1068 2010 qubque

122 2011 197 2072 haud
210 2015 306 2073 abnuit
318 2033 487 2091 cognomen:
507 2026 540 2072 ut
559 2016 610 2072 sub
630 2013 688 2092 ejus
710 2015 824 2072 obtentu
842 2014 1014 2090 cognominis
1032 2013 1065 2070 li·

123 2093 236 2157 berator,
245 2094 291 2151 ille
303 2095 398 2170 populi
409 2093 529 2152 Romani
538 2093 644 2152 animus
654 2093 741 2152 latens
752 2093 922 2170 opperiretur
935 2105 1067 2169 tempora

123 2192 181 2230 sua.
208 2173 238 2230 Is
250 2185 310 2231 tum
323 2173 359 2232 ab
373 2173 528 2248 Tarquiniis
542 2173 642 2232 ductus
652 2171 787 2248 Delphos,
800 2172 948 2230 ludibrium
959 2171 1063 2238 veritis,

122 2250 204 2325 quiam
219 2271 319 2320 comes,
343 2259 478 2310 ‘aureum
492 2251 629 2318 baculum,
649 2252 785 2310 inclusum
800 2271 900 2310 corneo
912 2263 1012 2309 cavato
1025 2251 1063 2308 ad

122 2330 174 2387 ‘id
187 2331 293 2399 baculo,
307 2331 402 2388 tulisse
412 2332 514 2388 donum
527 2329 658 2406 Apollini’
673 2331 781 2398 dieitur,
795 2350 844 2407 per
857 2331 986 2406 ambages
1000 2329 1061 2387 effi·

121 2408 195 2485 giem
209 2409 311 2485 ingenii
324 2409 375 2465 sui.
404 2410 468 2473 Quo
481 2421 626 2486 postquam
640 2421 751 2467 ventum
766 2422 816 2476 est,
830 2410 959 2486 perlectis
972 2408 1060 2486 patris

119 2485 264 2556 mandatis,
273 2488 373 2564 cupido
381 2487 493 2546 incessit
500 2487 604 2545 animos
609 2487 744 2564 juvenum
754 2487 1059 2564 sciscitandi,adquem

120 2586 215 2626 eorum
228 2587 344 2642 regnum
359 2566 515 2624 Romanum
526 2580 598 2625 esset
606 2579 760 2624 ventumm.
788 2565 960 2624 ‘Existimo
973 2585 1060 2644 specu
1098 2579 1099 2587 ¹

120 2652 240 2704 ‘vocem
256 2645 398 2704 redditam’
418 2647 524 2704 serunt:
546 2647 718 2724 ‘Imperium
734 2665 873 2704 summum
888 2646 999 2704 Romae
1012 2644 1059 2702 ha·
1097 2677 1098 2699 ι

119 2730 128 2760 ‘
140 2725 225 2793 bebit,
236 2725 284 2800 qui
298 2725 417 2783 vestrirm
431 2725 543 2800 primus,
558 2729 575 2782 ὂ
583 2724 709 2802 juvenes,
720 2725 842 2784 osculum
854 2723 935 2782 matri
945 2722 1059 2782 tulerit!

117 2803 268 2880 Tarquinii,
289 2816 321 2860 ut
336 2803 445 2872 Sextus,
459 2805 506 2880 qui
521 2804 627 2862 Romae
640 2805 751 2862 relictus
769 2805 866 2872 fuerat,
886 2803 1000 2878 ignarus
1017 2823 1058 2860 re·

119 2884 212 2960 sponsi
226 2897 377 2960 expersque
388 2883 495 2959 imperii
505 2894 585 2951 esset,
599 2902 657 2939 ram
668 2883 776 2940 summis
785 2901 837 2959 ope
847 2883 933 2940 taceri
941 2882 1058 2958 jubent;

119 2962 172 3039 ipsi
186 2963 258 3020 inter
270 2982 309 3030 se,
323 2974 385 3019 uter
397 2963 479 3039 prior,
493 2983 577 3037 quum
594 2963 712 3019 Romam
725 2963 868 3029 redissent,
882 2962 966 3018 matri
979 2981 1057 3019 oscu-
1094 2949 1095 3039 l

119 3041 176 3099 lum
191 3042 276 3109 daret,
293 3041 359 3098 sorti
372 3041 543 3118 permittunt.
583 3040 696 3110 Brutus,
718 3039 801 3098 ‘alib’
815 3052 890 3098 retus
910 3046 1056 3118 ‘spectare
1093 3047 1094 3050 ’

118 3119 286 3197 ‘Pythicam
299 3119 413 3186 vocem‚'
429 3120 506 3178 velut
522 3120 545 3178 si
562 3121 705 3196 prolapsus
723 3119 874 3186 cecidisset,
895 3129 998 3179 terram
1013 3137 1053 3176 os·

118 3199 181 3257 culo
198 3199 328 3275 contigit:
350 3199 462 3269 scilicet,
483 3200 578 3274 ‘quhd
597 3219 631 3256 ea
650 3198 803 3255 communis
823 3209 911 3254 mater
929 3199 1052 3256 omnium

119 3279 296 3336 ‘mortalium
311 3276 400 3335 esset!
431 3279 564 3336 Raditum
578 3277 641 3335 inde
652 3277 780 3348 Romam,
794 3277 842 3334 ubi
851 3277 984 3334 adversus
996 3277 1052 3334 Ru·

119 3358 192 3415 tulos
205 3357 308 3416 bellum
323 3357 431 3426 summi
444 3357 472 3412 vi
484 3358 638 3434 parebatur.

151 3469 158 3497 ¹
177 3467 316 3532 According
325 3477 350 3515 to
361 3467 502 3531 Dionysius,
511 3468 558 3516 and
568 3483 634 3516 more
643 3467 766 3532 probably,
776 3469 815 3516 the
826 3465 917 3530 King's
925 3477 996 3518 sunt·
1016 3467 1057 3516 See

116 3534 187 3596 pite,
195 3545 252 3586 note
261 3537 283 3585 2.
317 3536 327 3565 ¹
340 3535 391 3585 Tne
399 3535 489 3598 ellipsis
496 3551 551 3600 rnay
560 3539 590 3586 be
598 3535 778 3598 tbussupplied‚
788 3551 859 3599 quam
867 3539 993 3600 ingenium
993 3535 1052 3600 suit·
