2224 3862
438 221 562 288 LIBER
582 223 634 286 1v.
951 229 1012 288 247

78 385 224 461 quicunque
245 404 276 444 se
294 378 467 455 intendisset,
488 386 657 465 trepidantes
671 385 813 446 Romanas
824 385 931 446 videret
944 397 1003 446 tur·

73 485 128 534 nas,
140 465 332 541 insignemque
345 485 409 523 eum
423 468 500 544 regio
512 467 608 525 habitu
616 466 775 524 volitantem
789 467 849 524 toti
861 467 922 525 acie
932 485 1010 544 cog»

72 548 157 612 uiuet,
179 553 187 580 ‘
201 544 325 603 Hiccine
338 545 399 613 est,'
416 547 515 622 inquit,
533 555 652 622 ‘ruptor
663 546 781 604 foederis
801 545 924 614 humani,
938 547 1000 604 vio·

74 625 201 700 ‘latorque
216 625 342 700 gentium
353 623 447 704 juris?
463 625 524 702 jam
537 645 591 702 ego
603 625 673 684 hanc
686 637 831 683 mactatam
847 627 1001 695 victimam,

72 705 121 779 ‘(si
133 700 216 762 modd
230 705 320 763 sancti
333 705 480 781 quicquam
494 703 523 762 in
537 706 617 762 terris
630 725 690 763 esse
705 704 756 761 Dii
770 704 881 780 volunt)
893 705 998 781 legato·

71 789 139 840 ‘rum
152 783 283 842 manibus
297 782 386 842 dabo!
428 783 588 843 calcatibus
601 785 727 852 subditis,
741 784 1000 861 infestiscuspideitt

69 882 140 920 unum
158 863 249 920 fertur
268 861 386 922 hostem.
427 864 519 928 Quem
539 883 625 939 quum
646 865 733 922 ictum
753 883 826 938 equo
842 863 998 940 dejecisset,

16 937 18 984 l
68 943 197 1000 confestim
213 943 317 1019 etipse
331 942 410 1000 hasti
423 943 529 1000 innisus
542 963 572 1001 se
585 945 614 1000 in
631 945 717 1020 pedes
733 942 852 1019 excepit.
893 944 999 1002 Assur·

16 1027 17 1030 ’
67 1033 162 1095 gentem
181 1022 223 1078 ibi
243 1041 338 1098 regem
358 1023 479 1080 umbone
498 1023 648 1099 resupinat,
668 1023 873 1100 repetitumque
886 1022 998 1098 saepius

67 1102 166 1176 cuspide
186 1103 223 1159 ad
246 1114 346 1160 terrem
366 1103 463 1160 affixit.
504 1102 576 1161 Turn
597 1103 730 1178 exsangui
750 1102 873 1160 detracta
892 1102 998 1178 spolis;

66 1192 191 1256 caputque
208 1182 363 1240 abscissum
377 1182 466 1239 victor
478 1182 586 1258 spiculo
599 1201 707 1258 gerens,
721 1194 825 1240 terrm
838 1181 912 1239 caesi
924 1181 998 1256 regis

66 1256 145 1319 hostes
163 1261 268 1319 fundit.
307 1260 353 1319 Ita
372 1261 497 1336 equitum
511 1258 621 1337 quoique
634 1261 696 1318 fusa
708 1261 790 1328 acies,
804 1278 875 1335 quae
888 1279 946 1318 una
958 1261 998 1318 ie·

65 1353 127 1398 cecat
144 1359 250 1417 anceps
266 1354 416 1399 certamen.
456 1341 587 1399 Dictator
605 1341 760 1416 legionibus
778 1340 880 1415 fugatis
903 1340 997 1408 instat,

65 1430 87 1474 st
97 1421 129 1476 cd
142 1435 234 1478 cestra
248 1421 405 1496 compulsos
418 1421 517 1478 caedit.
558 1420 732 1478 Fidenatium
746 1419 860 1496 plurimi
873 1419 1002 1478 locorum

65 1500 149 1558 notitiis
168 1501 295 1576 effugere
314 1501 343 1557 in
363 1512 480 1558 montes.
521 1500 635 1568 Cossus,
656 1499 778 1558 Tiberim
795 1517 858 1556 cum
873 1499 1005 1574 equitatu·

65 1589 234 1647 transvectus,
256 1599 291 1637 ex
304 1599 371 1656 egro
384 1579 540 1657 Vejentano
553 1580 693 1655 ingentem
707 1579 806 1638 detulit
820 1580 948 1656 praedatu
961 1579 1003 1637 ad.

65 1661 154 1716 urbem.
196 1660 277 1718 luter
296 1659 431 1735 proelium
451 1673 480 1718 et
499 1661 535 1717 ad
548 1672 637 1717 castra
650 1659 777 1716 Romans
789 1670 941 1735 pugnatum
955 1671 1003 1718 est

64 1739 179 1796 adversus
194 1751 304 1816 partem
318 1739 467 1815 copiarum,
482 1741 516 1796 ab
531 1739 689 1807 Tolumnio,
704 1751 736 1796 ut
748 1740 813 1796 enti
826 1738 932 1796 dictum
944 1750 998 1806 eet,

64 1818 91 1873 ad
102 1832 186 1876 cestra
200 1817 324 1876 mnsam.
364 1817 466 1876 Fabius
480 1819 633 1876 Vibulanus
650 1818 751 1877 coronis
764 1817 882 1894 primurn
896 1817 998 1876 vallum

65 1898 192 1967 delendit3
213 1899 335 1956 intentos
355 1898 455 1956 deinde
475 1897 568 1956 hostes
588 1899 615 1954 in
630 1898 741 1963 vallum,
761 1915 888 1972 egressus
901 1897 1002 1956 dextri»

64 1976 766 2133 &lllllllulllttlillltlt,ll:
776 1975 1003 2131 bilibit

256 2098 264 2126 2
602 2099 610 2124 t
989 2093 1000 2123 1

63 2135 131 2210 quim
145 2139 174 2196 in
188 2138 258 2203 acie,
273 2138 334 2196 fuit·

93 2217 155 2277 XX.
176 2218 317 2278 Omnibus
333 2216 401 2274 locis
421 2235 451 2274 re
471 2214 542 2272 bene
562 2214 648 2291 gesti,
669 2213 789 2272 dictator
805 2211 918 2272 senatirs
931 2231 999 2272 con-

62 2296 125 2354 sulto
139 2297 278 2375 jussuque
298 2297 394 2373 populi
413 2293 586 2371 triumphans
606 2295 635 2351 in
654 2295 751 2351 urbem
765 2293 856 2350 rediit.
897 2291 1000 2370 Longe

62 2378 204 2436 maximum
225 2374 359 2453 triumphi
379 2375 568 2452 spectaculum
588 2374 642 2431 fuit
663 2373 775 2440 Cossus,
797 2372 885 2450 spolia
905 2372 998 2449 opima

62 2457 123 2530 regis
140 2456 281 2515 interfecti
300 2474 407 2532 gerens.
447 2453 481 2512 In
502 2474 567 2512 cum
587 2453 689 2510 milites
710 2451 830 2510 carmina
843 2451 995 2522 incondita,

60 2551 199 2610 aequantes
220 2555 284 2594 cum
307 2534 437 2602 Romulo,
458 2553 567 2592 canere.
608 2533 703 2610 Spolia
719 2533 747 2590 in
767 2533 836 2590 aede
849 2531 928 2592 Jovis
943 2530 1001 2598 Fef„

61 2616 134 2684 retrii,
155 2635 244 2694 prope
265 2614 381 2672 Romuli
397 2613 494 2690 spolia,
515 2633 596 2689 quae,
616 2613 706 2689 prima
726 2611 831 2688 Opima
849 2610 998 2688 appellata,

60 2695 109 2752 sole
121 2697 153 2753 eit
166 2706 332 2771 tempestate
346 2707 424 2752 erant
434 2693 454 2760 ²,
473 2713 535 2750 cum
547 2693 653 2749 solenni
662 2691 834 2748 dedicatione
846 2691 997 2748 donolixit.

62 2775 256 2850 Averterctque
273 2774 301 2831 in
321 2793 351 2831 se
369 2794 386 2832 a
403 2793 485 2830 curru
499 2773 640 2832 dictatoris
654 2771 756 2828 civium
770 2789 827 2836 ora,
841 2782 870 2827 et
884 2765 1001 2828 celebri-'

60 2855 116 2911 tatis
128 2855 188 2932 ejus
202 2855 258 2912 diei
269 2855 386 2912 fructum
396 2872 482 2929 prope
493 2853 567 2908 solus
578 2851 687 2908 tulerat.
728 2849 859 2908 Dictator
867 2869 997 2914 coronam
1094 2871 1095 2878 ¹

60 2949 161 2992 aureum
182 2934 279 2990 libram
300 2931 415 3010 pondo³
436 2951 472 2989 ex
491 2931 602 3008 publicis
619 2929 745 3007 pecuniri,
759 2928 854 3005 populi
862 2926 953 3004 jussu,
968 2930 997 2986 in

61 3010 190 3088 Capitolio
206 3013 271 3072 Jori
290 3014 392 3070 donum
413 3011 515 3088 posuit.
556 3011 663 3068 Omnes
675 3021 739 3068 auto
753 3028 798 3066 me
811 3021 940 3068 auctores
952 3029 1004 3070 se·.

59 3105 140 3161 cutus,
166 3095 204 3151 A.
229 3092 388 3150 Cornelium
418 3091 536 3154 Cossum
559 3091 700 3146 triburium
727 3087 846 3145 rnilitum
874 3089 996 3146 secunda

60 3173 138 3246 spolia
151 3172 244 3250 opima
256 3172 335 3231 lovis
350 3169 467 3229 Feretrii
480 3169 586 3248 templo
599 3169 733 3236 intulisse,
747 3167 872 3246 exposui.
913 3168 997 3226 Cete-

88 3284 94 3310 ¹
106 3290 114 3314 ‘
124 3287 175 3334 The
183 3301 253 3348 camp
261 3283 309 3334 had
317 3265 456 3348 iuungates,
465 3299 512 3332 one
520 3299 551 3332 on
561 3283 619 3332 each
627 3281 686 3342 side,
694 3279 772 3330 called
782 3285 855 3338 Portu
866 3283 1000 3338 hectoris,

59 3352 111 3398 ‘rel
128 3357 323 3409 accettando,
337 3362 396 3402 next
407 3362 432 3400 to
444 3354 484 3400 the
501 3359 603 3413 enemyt
623 3354 775 3404 Decumum,
789 3346 897 3408 opposite
914 3354 939 3392 to
956 3347 1000 3408 dre

61 3419 176 3482 iluctatu
187 3427 259 3474 Porto
264 3425 405 3487 principalia
412 3425 500 3478 doura,
510 3417 558 3466 and
564 3421 707 3482 principalia
715 3415 832 3468 sinistra.’
853 3415 891 3464 Dr
902 3413 997 3472 Arcu,

60 3489 281 3554 ²Sceplbqpte
295 3490 336 3547 1„
385 3489 493 3552 'Scep
510 3483 687 3556 Ιῗθμιοῑο4.Δ
