2224 3862
427 243 626 304 LIBERIV.
926 245 986 306 “241

68 404 127 470 vitia,
142 403 313 463 ‘criminando
327 403 395 462 inde
404 413 433 460 et
447 401 670 479 objiciendo‘irae
684 403 777 478 populi
786 401 988 474 frumentarios,

64 483 145 542 acerbi
162 483 340 558 inquisitione
357 483 475 558 aperiret
500 483 596 556 magis,
620 480 702 556 quarn
723 483 834 551 levaret,
851 483 989 559 inopiam;

63 563 128 620 multi
145 583 178 638 erg
205 563 296 640 plebe,
315 581 364 638 spe
384 563 491 627 amissit,
516 563 608 638 potiris
636 560 717 636 quiam
745 575 777 619 ut
803 563 1011 627 cruciarentur¹
1094 573 1095 586 ¹

62 641 177 700 trahendo
189 643 319 710 animam,
335 642 469 719 capitibus
483 641 621 700 obvolutis
635 660 665 698 se
678 641 707 702 in
722 640 845 698 Tiberim
857 645 990 721 praecipi-

63 735 178 780 taverunt.
861 755 863 763 ν
977 739 981 750 “

91 800 165 858 XIII.
187 801 262 860 Tum
278 801 326 878 Sp.
340 798 462 858 Maelius
475 821 511 858 ex
525 799 646 876 equestri
657 800 761 868 ordine,
773 812 805 857 ut
817 801 870 860 illis
880 815 989 880 tempo·

17 927 18 966 p
63 879 129 948 ubas,
142 882 294 955 praedives,
308 900 367 938 rem
380 879 486 946 utilem,
501 881 620 957 pessimo
633 880 770 956 exemplo,
792 881 885 956 pejore
899 885 989 940 consi·

17 977 18 1034 ζ
62 960 96 1024 lio,
105 973 143 1018 est
152 980 314 1035 aggressum
333 961 472 1016 frumento
482 979 601 1035 namque
609 979 645 1016 ex
660 959 772 1017 Etruria
786 961 892 1035 privati
903 981 988 1038 pecu·

17 1043 18 1074 ³
62 1038 100 1096 oia
113 1059 157 1116 per
177 1039 319 1116 hospitum
341 1039 537 1114 clientiumque
558 1038 708 1096 ministeria
731 1046 868 1116 coempto,
893 1045 989 1117 (quae,

63 1119 135 1186 eredo,
157 1119 219 1195 ipsa
239 1139 283 1182 res
301 1119 338 1176 ad
358 1117 500 1177 levandam
514 1118 625 1194 publicis
638 1120 704 1176 cura
723 1138 858 1176 annonam
872 1120 990 1196 impedi·

62 1211 137 1254 mento
148 1199 265 1270 fuerat)
279 1198 436 1272 largitiones
454 1198 584 1255 frumenti
599 1198 694 1262 fucere¹
709 1198 846 1256 instituit:
867 1199 990 1276 plebem·

61 1296 110 1350 qne,
123 1277 172 1336 hoc
186 1297 303 1336 munere
318 1277 467 1344 delinitam,
482 1278 646 1352 quiscunque
659 1277 808 1345 incederet,
824 1291 989 1355 conspectus

62 1357 183 1433 elatusque
197 1377 283 1433 supra
295 1358 408 1414 modum
419 1356 537 1417 hominis
551 1356 657 1432 privati,
668 1376 763 1414 secum
772 1355 896 1425 trahere;
916 1357 991 1421 haud

63 1435 158 1494 dubium
171 1438 347 1498 consulatum
367 1437 459 1494 favore
479 1456 512 1494 ac
532 1457 580 1512 spa
601 1435 827 1510 despondentem.
867 1437 942 1514 Ipse,
956 1451 990 1496 ut

17 1587 18 1590 Ἰ
62 1529 93 1570 est
104 1515 238 1574 hamanus
251 1515 359 1575 animus
373 1516 532 1574 insatiabilis
546 1535 589 1584 eo,
603 1515 678 1590 quod
691 1518 800 1574 fortuna
813 1518 939 1594 spondet,
954 1519 990 1575 ad

17 1649 18 1666 ,
62 1593 139 1656 altiora
158 1609 187 1660 et
207 1615 266 1652 non
286 1615 417 1654 concessa
429 1596 551 1654 tendere.
593 1594 640 1662 Et,
661 1597 809 1670 ‘quoniam
829 1597 989 1654 consulatus

64 1676 174 1750 ‘queque
187 1675 348 1750 eripiendus
362 1675 597 1732 invitisPatribus
611 1674 701 1740 esset,'
715 1677 751 1732 de
768 1695 854 1752 regno
867 1677 987 1754 agitare:

17 1755 18 1766 ¹
62 1753 102 1810 fid
118 1771 200 1815 unum
216 1755 333 1830 dignum
354 1765 431 1812 tauto
451 1767 584 1831 apparatu
594 1754 771 1812 consiliorum
783 1768 814 1813 et
827 1756 986 1822 certamine,

65 1835 140 1907 ‘quod
148 1836 248 1909 ingens
258 1834 448 1892 exsudandum
458 1847 540 1901 asset,
549 1834 701 1908 praemium
712 1835 787 1891 fore!
826 1835 891 1893 Jam
902 1837 989 1893 comi·

63 1911 92 1970 tie
101 1913 250 1972 consularia
264 1913 410 1972 instabant.
451 1913 530 1976 Quae
545 1933 588 1970 res
602 1933 675 1979 eum,
686 1933 739 1970 nec
754 1913 820 1971 dum
830 1915 989 1991 compositis

63 1994 191 2056 maturisve
200 1993 269 2052 satis
278 1993 405 2059 consiliis,
416 1992 560 2068 oppressit.
601 1992 704 2050 Consul
716 1993 824 2048 sextum
834 2007 942 2050 creatus
956 1993 990 2050 Τ.

145 2073 296 2138 Quinctius
311 2071 493 2147 Capitolinus,
513 2071 626 2128 minime
640 2083 810 2146 opportunus
824 2072 866 2128 vir
878 2073 991 2128 novanti
1029 2123 1032 2130 .

144 2173 206 2210 res:
229 2152 336 2227 collega
348 2152 459 2209 additur
473 2151 499 2208 ei
513 2151 639 2226 Agrippa
650 2149 808 2216 Menenius,
822 2151 867 2208 cui
881 2150 990 2208 Lanato

145 2245 204 2290 erat
225 2250 388 2306 cognomen.
429 2231 468 2288 Et
481 2228 516 2286 L.
532 2229 675 2286 Minucius
688 2230 842 2305 praefectus
855 2249 989 2300 annonae,

63 2327 101 2366 seu
119 2312 246 2382 resectus,
266 2331 324 2377 seu,
342 2312 433 2386 quoad
453 2330 497 2368 res
517 2321 651 2386 posceret,
670 2309 699 2365 iu
720 2309 856 2368 incertum
874 2323 991 2370 creatus.

62 2385 127 2446 Nihil
138 2392 213 2452 euim
228 2403 344 2458 constat,
365 2390 418 2446 nisi
438 2390 465 2446 in
486 2390 569 2448 libros
590 2389 690 2446 linteos
706 2399 824 2464 utroque
836 2409 909 2448 anno
922 2392 991 2448 reia·

62 2478 112 2526 tum
124 2469 193 2528 iuter
206 2471 382 2546 magistratus
397 2469 529 2545 praefecti
542 2488 653 2526 nomen.
692 2468 751 2526 Hic
765 2469 917 2539 Minucius,
928 2489 992 2528 ean·

64 2545 114 2604 dem
126 2551 237 2625 publice
250 2549 421 2608 curationem
435 2568 527 2623 agens,
538 2569 620 2623 quam
632 2547 753 2606 Maelius
767 2549 894 2625 privatIm
907 2569 993 2625 agen·

64 2139 109 2178 no

17 2223 18 2226 =
66 2195 110 2246 316.

62 2625 113 2684 dam
124 2643 290 2705 susceperat,
305 2647 390 2703 quum
405 2628 432 2684 in
448 2629 563 2703 utrique
577 2629 660 2684 domo
668 2647 755 2703 genus
764 2629 836 2686 idem
849 2627 992 2686 hominum

63 2723 209 2778 versaretur,
230 2727 288 2766 rem
305 2719 474 2784 compertam
495 2709 530 2765 ad
548 2719 673 2766 senatum
687 2708 778 2775 refert,
794 2716 802 2742 ⁴
817 2707 887 2766 Tela
899 2708 927 2765 in
942 2710 1008 2768 do·.

63 2791 145 2844 ‘mum
159 2787 259 2846 Maelii
280 2787 405 2853 conferri,
426 2805 545 2862 eumque
564 2787 711 2846 conciones
729 2786 805 2844 domi
818 2784 936 2845 habere:
958 2807 991 2846 ac

64 2870 126 2924 ‘non
138 2868 222 2926 dubia
235 2868 313 2942 regni
327 2867 440 2926 consilia
449 2887 519 2924 esse.
550 2867 673 2942 Tempus
683 2867 805 2942 agendae
817 2867 857 2924 rei
867 2868 992 2925 nendum

63 2948 159 3014 ‘stare;
178 2959 270 3004 cetera
281 2947 339 3021 jam
361 2947 539 3013 convenisse3
562 2959 592 3004 et
609 2947 733 3006 tribunos
760 2947 887 3004 mercede
914 2967 992 3026 emp·

62 3027 117 3082 ‘tos
135 3028 168 3084 ed
189 3027 364 3103 prodendam
377 3025 540 3094 libertatem,
559 3039 588 3084 et
609 3026 709 3103 partita
729 3024 846 3082 ducibus
866 3027 992 3085 multitu·

63 3103 144 3162 ‘dinis
163 3105 323 3164 ministeria.
333 3125 401 3164 esse.
444 3105 536 3163 Serius
556 3125 586 3164 se
603 3107 682 3180 pene,
697 3104 780 3180 quam
795 3119 886 3163 tutum
900 3107 992 3174 fuerit,

62 3186 110 3239 ‘ne
129 3185 205 3262 cujus
228 3185 326 3242 incerti
344 3184 461 3260 vanique
479 3197 576 3242 auctor
595 3197 675 3252 esset,
696 3204 729 3242 ea
748 3184 871 3242 deferre!
912 3186 993 3248 Quae

63 3275 194 3338 postquam
208 3278 274 3322 sunt
287 3264 389 3332 audita,
404 3278 433 3322 et
445 3265 567 3340 undique
580 3264 713 3340 primores
724 3263 837 3321 Petrum
852 3277 882 3322 et
894 3265 993 3340 prioris
1009 3295 1011 3301 2

62 3342 116 3406 anni
137 3345 261 3410 consules
279 3345 461 3421 increparent,
483 3351 490 3378 ‘
511 3344 586 3418 dudd
603 3363 649 3400 eas
667 3343 823 3418 largitiones
844 3355 995 3416 coetusque

64 3421 160 3494 ‘plebis
173 3425 200 3480 in
214 3424 320 3501 privati
334 3425 417 3480 domo
434 3423 505 3498 passi
519 3435 611 3479 essent
624 3423 691 3489 fieri,
712 3434 741 3478 et
758 3441 844 3476 novos
858 3419 996 3486 consules,

64 3503 70 3528 ‘
83 3497 151 3573 quod
165 3504 379 3580 exspectassent,
394 3503 483 3559 donee
495 3520 513 3558 a
525 3501 664 3577 praefecto
678 3519 802 3558 annonae
815 3508 891 3554 tanta
904 3517 947 3572 res
962 3499 999 3554 ad

64 3583 201 3642 ‘senatum
215 3585 376 3654 deferretur,
391 3600 460 3660 quae
475 3581 625 3650 consulem,
639 3599 694 3638 non
705 3590 843 3637 auctorem
853 3575 940 3633 solum
951 3575 998 3635 de·

500 3677 520 3718 x
