<?xml version="1.0" encoding="UTF-8"?>
<!DOCTYPE html PUBLIC "-//W3C//DTD XHTML 1.0 Transitional//EN"
    "http://www.w3.org/TR/xhtml1/DTD/xhtml1-transitional.dtd">
<html xmlns="http://www.w3.org/1999/xhtml" xml:lang="en" lang="en">
 <head>
  <title>
</title>
<meta http-equiv="Content-Type" content="text/html;charset=utf-8" />
  <meta name='ocr-system' content='tesseract 3.04.00' />
  <meta name='ocr-capabilities' content='ocr_page ocr_carea ocr_par ocr_line ocrx_word'/>
</head>
<body>
  <div class='ocr_page' id='page_1' title='image "./titiliviipatavi04livygoog_0303.png"; bbox 0 0 2224 3862; ppageno 0'>
   <div class='ocr_carea' id='block_1_1' title="bbox 452 187 1001 252">
    <p class='ocr_par' dir='ltr' id='par_1_1' title="bbox 452 187 1001 252">
     <span class='ocr_line' id='line_1_1' title="bbox 452 187 1001 252; baseline 0.004 -4"><span class='ocrx_word' id='word_1_1' title='bbox 452 189 577 252; x_wconf 81' lang='lat' dir='ltr'><strong>LIBER</strong></span> <span class='ocrx_word' id='word_1_2' title='bbox 596 187 650 248; x_wconf 91' lang='lat' dir='ltr'>1v.</span> <span class='ocrx_word' id='word_1_3' title='bbox 946 193 1001 250; x_wconf 81' lang='lat'><em>291</em></span> 
     </span>
    </p>
   </div>
   <div class='ocr_carea' id='block_1_2' title="bbox 5 1 13 367">
    <p class='ocr_par' dir='ltr' id='par_1_2' title="bbox 5 1 13 367">
     <span class='ocr_line' id='line_1_2' title="bbox 5 1 11 183; baseline 0 45"><span class='ocrx_word' id='word_1_4' title='bbox 5 1 11 183; x_wconf 75' lang='lat' dir='ltr'><em>l</em></span> 
     </span>
     <span class='ocr_line' id='line_1_3' title="bbox 8 234 13 367; baseline 0 0"><span class='ocrx_word' id='word_1_5' title='bbox 8 234 13 367; x_wconf 72' lang='lat' dir='ltr'><em>i</em></span> 
     </span>
    </p>
   </div>
   <div class='ocr_carea' id='block_1_3' title="bbox 70 344 998 484">
    <p class='ocr_par' dir='ltr' id='par_1_3' title="bbox 70 344 998 484">
     <span class='ocr_line' id='line_1_4' title="bbox 71 344 998 430; baseline 0.004 -27"><span class='ocrx_word' id='word_1_6' title='bbox 71 346 155 404; x_wconf 82' lang='lat' dir='ltr'><em>Altera</em></span> <span class='ocrx_word' id='word_1_7' title='bbox 173 344 242 404; x_wconf 84' lang='lat' dir='ltr'><em>haec</em></span> <span class='ocrx_word' id='word_1_8' title='bbox 261 347 375 408; x_wconf 83' lang='lat' dir='ltr'><em>nomine</em></span> <span class='ocrx_word' id='word_1_9' title='bbox 394 349 493 408; x_wconf 83' lang='lat' dir='ltr'><em>eodem</em></span> <span class='ocrx_word' id='word_1_10' title='bbox 508 350 535 408; x_wconf 88' lang='lat' dir='ltr'><em>in</em></span> <span class='ocrx_word' id='word_1_11' title='bbox 549 352 653 412; x_wconf 84' lang='lat' dir='ltr'><em>Volsco</em></span> <span class='ocrx_word' id='word_1_12' title='bbox 666 369 732 429; x_wconf 80' lang='lat' dir='ltr'><em>agro</em></span> <span class='ocrx_word' id='word_1_13' title='bbox 748 350 810 422; x_wconf 79' lang='lat' dir='ltr'><em>tuis,</em></span> <span class='ocrx_word' id='word_1_14' title='bbox 831 349 911 430; x_wconf 83' lang='lat' dir='ltr'><em>cujus</em></span> <span class='ocrx_word' id='word_1_15' title='bbox 924 351 998 410; x_wconf 84' lang='lat' dir='ltr'><em>exci-</em></span> 
     </span>
     <span class='ocr_line' id='line_1_5' title="bbox 70 425 321 484; baseline 0.008 -2"><span class='ocrx_word' id='word_1_16' title='bbox 70 425 134 483; x_wconf 83' lang='lat' dir='ltr'><strong>dium</strong></span> <span class='ocrx_word' id='word_1_17' title='bbox 147 438 190 484; x_wconf 84' lang='lat' dir='ltr'><em>ost</em></span> <span class='ocrx_word' id='word_1_18' title='bbox 202 425 321 484; x_wconf 86' lang='lat' dir='ltr'><em>dictum.</em></span> 
     </span>
    </p>
   </div>
   <div class='ocr_carea' id='block_1_4' title="bbox 405 650 625 686">
    <p class='ocr_par' dir='ltr' id='par_1_4' title="bbox 405 650 625 686">
     <span class='ocr_line' id='line_1_6' title="bbox 405 650 625 670; baseline 0 -4"><span class='ocrx_word' id='word_1_19' title='bbox 405 650 625 670; x_wconf 64' lang='grc'>-</span> 
     </span>
     <span class='ocr_line' id='line_1_7' title="bbox 405 674 624 686; baseline 0.005 -1"><span class='ocrx_word' id='word_1_20' title='bbox 405 674 624 686; x_wconf 80' lang='lat'>————-=</span> 
     </span>
    </p>
   </div>
   <div class='ocr_carea' id='block_1_5' title="bbox 353 839 691 907">
    <p class='ocr_par' dir='ltr' id='par_1_5' title="bbox 353 839 691 907">
     <span class='ocr_line' id='line_1_8' title="bbox 353 839 691 907; baseline 0.015 -10"><span class='ocrx_word' id='word_1_21' title='bbox 353 839 477 900; x_wconf 86' lang='lat' dir='ltr'>LIBER</span> <span class='ocrx_word' id='word_1_22' title='bbox 499 843 691 907; x_wconf 85' lang='lat' dir='ltr'><strong>QUINTUS.</strong></span> 
     </span>
    </p>
   </div>
   <div class='ocr_carea' id='block_1_6' title="bbox 437 999 616 1050">
    <p class='ocr_par' dir='ltr' id='par_1_6' title="bbox 437 999 616 1050">
     <span class='ocr_line' id='line_1_9' title="bbox 437 999 616 1050; baseline 0.017 -3"><span class='ocrx_word' id='word_1_23' title='bbox 437 999 616 1050; x_wconf 84' lang='lat' dir='ltr'>EPITOME.</span> 
     </span>
    </p>
   </div>
   <div class='ocr_carea' id='block_1_7' title="bbox 3 1142 1056 3668">
    <p class='ocr_par' dir='ltr' id='par_1_7' title="bbox 4 1142 998 1229">
     <span class='ocr_line' id='line_1_10' title="bbox 4 1142 998 1229; baseline 0.006 -24"><span class='ocrx_word' id='word_1_24' title='bbox 4 1165 5 1210; x_wconf 78' lang='lat' dir='ltr'>j</span> <span class='ocrx_word' id='word_1_25' title='bbox 95 1148 132 1215; x_wconf 96' lang='lat' dir='ltr'><em>II,</em></span> <span class='ocrx_word' id='word_1_26' title='bbox 140 1149 199 1205; x_wconf 74' lang='lat' dir='ltr'><em>&amp;a</em></span> <span class='ocrx_word' id='word_1_27' title='bbox 240 1143 294 1202; x_wconf 89' lang='lat' dir='ltr'><em>IN</em></span> <span class='ocrx_word' id='word_1_28' title='bbox 303 1142 443 1202; x_wconf 77' lang='lat' dir='ltr'><em>obsidione</em></span> <span class='ocrx_word' id='word_1_29' title='bbox 454 1146 581 1224; x_wconf 81' lang='lat' dir='ltr'><em>Vejorum</em></span> <span class='ocrx_word' id='word_1_30' title='bbox 589 1146 769 1209; x_wconf 77' lang='lat' dir='ltr'><em>hibernacula</em></span> <span class='ocrx_word' id='word_1_31' title='bbox 777 1149 910 1210; x_wconf 89' lang='lat' dir='ltr'><em>militibus</em></span> <span class='ocrx_word' id='word_1_32' title='bbox 910 1154 998 1229; x_wconf 74' lang='lat' dir='ltr'><em>ficta</em></span> 
     </span>
    </p>

    <p class='ocr_par' dir='ltr' id='par_1_8' title="bbox 3 1223 999 1304">
     <span class='ocr_line' id='line_1_11' title="bbox 3 1223 999 1304; baseline 0.003 -20"><span class='ocrx_word' id='word_1_33' title='bbox 3 1223 5 1226; x_wconf 64' lang='grc'><strong>’</strong></span> <span class='ocrx_word' id='word_1_34' title='bbox 60 1236 129 1284; x_wconf 87' lang='lat' dir='ltr'><em>snut.</em></span> <span class='ocrx_word' id='word_1_35' title='bbox 169 1225 218 1283; x_wconf 89' lang='lat' dir='ltr'><em>Ea</em></span> <span class='ocrx_word' id='word_1_36' title='bbox 232 1242 285 1292; x_wconf 87' lang='lat' dir='ltr'><em>res,</em></span> <span class='ocrx_word' id='word_1_37' title='bbox 306 1242 389 1301; x_wconf 88' lang='lat' dir='ltr'><em>quum</em></span> <span class='ocrx_word' id='word_1_38' title='bbox 407 1232 476 1282; x_wconf 85' lang='lat' dir='ltr'><em>esset</em></span> <span class='ocrx_word' id='word_1_39' title='bbox 489 1245 570 1294; x_wconf 83' lang='lat' dir='ltr'><em>nona,</em></span> <span class='ocrx_word' id='word_1_40' title='bbox 590 1226 809 1304; x_wconf 64' lang='lat' dir='ltr'><strong><em>indignationem</em></strong></span> <span class='ocrx_word' id='word_1_41' title='bbox 822 1230 999 1300; x_wconf 66' lang='lat' dir='ltr'><em>tribunorum</em></span> 
     </span>
    </p>

    <p class='ocr_par' dir='ltr' id='par_1_9' title="bbox 3 1301 997 1388">
     <span class='ocr_line' id='line_1_12' title="bbox 3 1301 997 1388; baseline 0.005 -25"><span class='ocrx_word' id='word_1_42' title='bbox 3 1311 5 1316; x_wconf 82' lang='grc'>’</span> <span class='ocrx_word' id='word_1_43' title='bbox 57 1305 139 1381; x_wconf 85' lang='lat' dir='ltr'><em>plebis</em></span> <span class='ocrx_word' id='word_1_44' title='bbox 151 1303 248 1371; x_wconf 85' lang='lat' dir='ltr'><em>movit,</em></span> <span class='ocrx_word' id='word_1_45' title='bbox 257 1301 429 1380; x_wconf 80' lang='lat' dir='ltr'><em>querentium</em></span> <span class='ocrx_word' id='word_1_46' title='bbox 440 1311 512 1360; x_wconf 84' lang='lat' dir='ltr'><em>‘non</em></span> <span class='ocrx_word' id='word_1_47' title='bbox 522 1303 588 1362; x_wconf 88' lang='lat' dir='ltr'><em>dari</em></span> <span class='ocrx_word' id='word_1_48' title='bbox 591 1303 669 1383; x_wconf 89' lang='lat' dir='ltr'><em>plebi</em></span> <span class='ocrx_word' id='word_1_49' title='bbox 678 1325 727 1364; x_wconf 84' lang='lat' dir='ltr'><em>nec</em></span> <span class='ocrx_word' id='word_1_50' title='bbox 736 1327 790 1388; x_wconf 87' lang='lat' dir='ltr'><em>per</em></span> <span class='ocrx_word' id='word_1_51' title='bbox 800 1307 914 1368; x_wconf 78' lang='lat' dir='ltr'><em>hiemem</em></span> <span class='ocrx_word' id='word_1_52' title='bbox 925 1309 997 1368; x_wconf 87' lang='lat' dir='ltr'><em>mili·</em></span> 
     </span>
    </p>

    <p class='ocr_par' dir='ltr' id='par_1_10' title="bbox 4 1379 998 1546">
     <span class='ocr_line' id='line_1_13' title="bbox 4 1379 998 1462; baseline 0.013 -28"><span class='ocrx_word' id='word_1_53' title='bbox 4 1431 5 1434; x_wconf 62' lang='lat'><em>,</em></span> <span class='ocrx_word' id='word_1_54' title='bbox 60 1385 133 1442; x_wconf 89' lang='lat' dir='ltr'><em>‘tiae</em></span> <span class='ocrx_word' id='word_1_55' title='bbox 146 1380 287 1462; x_wconf 67' lang='lat' dir='ltr'><em>requiem!</em></span> <span class='ocrx_word' id='word_1_56' title='bbox 323 1380 389 1438; x_wconf 93' lang='lat' dir='ltr'>VII.</span> <span class='ocrx_word' id='word_1_57' title='bbox 404 1379 521 1459; x_wconf 85' lang='lat' dir='ltr'><em>Equites</em></span> <span class='ocrx_word' id='word_1_58' title='bbox 532 1391 591 1440; x_wconf 84' lang='lat' dir='ltr'><em>turn</em></span> <span class='ocrx_word' id='word_1_59' title='bbox 596 1383 748 1462; x_wconf 74' lang='lat' dir='ltr'><em>primlme</em></span> <span class='ocrx_word' id='word_1_60' title='bbox 767 1385 811 1446; x_wconf 90' lang='lat' dir='ltr'><em>uis</em></span> <span class='ocrx_word' id='word_1_61' title='bbox 823 1387 882 1446; x_wconf 87' lang='lat' dir='ltr'><em>suis</em></span> <span class='ocrx_word' id='word_1_62' title='bbox 894 1407 998 1447; x_wconf 88' lang='lat' dir='ltr'><em>merere</em></span> 
     </span>
     <span class='ocr_line' id='line_1_14' title="bbox 57 1407 997 1546; baseline 0.006 -27"><span class='ocrx_word' id='word_1_63' title='bbox 57 1469 210 1542; x_wconf 59' lang='lat' dir='ltr'><em>emunt.</em></span> <span class='ocrx_word' id='word_1_64' title='bbox 252 1461 316 1517; x_wconf 98' lang='lat' dir='ltr'>XV.</span> <span class='ocrx_word' id='word_1_65' title='bbox 341 1459 432 1526; x_wconf 84' lang='lat' dir='ltr'><em>Quum</em></span> <span class='ocrx_word' id='word_1_66' title='bbox 441 1460 588 1520; x_wconf 87' lang='lat' dir='ltr'><em>inundatio</em></span> <span class='ocrx_word' id='word_1_67' title='bbox 598 1482 632 1520; x_wconf 85' lang='lat' dir='ltr'><em>ec</em></span> <span class='ocrx_word' id='word_1_68' title='bbox 641 1461 705 1521; x_wconf 89' lang='lat' dir='ltr'><em>locu</em></span> <span class='ocrx_word' id='word_1_69' title='bbox 716 1407 911 1546; x_wconf 65' lang='lat' dir='ltr'><em>Alanosacta</em></span> <span class='ocrx_word' id='word_1_70' title='bbox 920 1476 997 1537; x_wconf 84' lang='lat' dir='ltr'><em>esset,</em></span> 
     </span>
    </p>

    <p class='ocr_par' dir='ltr' id='par_1_11' title="bbox 3 1533 997 1871">
     <span class='ocr_line' id='line_1_15' title="bbox 3 1533 997 1624; baseline 0.007 -27"><span class='ocrx_word' id='word_1_71' title='bbox 3 1533 5 1540; x_wconf 49' lang='lat'><strong>⁴</strong></span> <span class='ocrx_word' id='word_1_72' title='bbox 57 1549 136 1610; x_wconf 83' lang='lat' dir='ltr'><em>uates,</em></span> <span class='ocrx_word' id='word_1_73' title='bbox 158 1539 209 1618; x_wconf 87' lang='lat' dir='ltr'><em>qui</em></span> <span class='ocrx_word' id='word_1_74' title='bbox 228 1559 289 1596; x_wconf 89' lang='lat' dir='ltr'><em>eam</em></span> <span class='ocrx_word' id='word_1_75' title='bbox 312 1557 367 1595; x_wconf 87' lang='lat' dir='ltr'><em>reru</em></span> <span class='ocrx_word' id='word_1_76' title='bbox 387 1537 628 1616; x_wconf 78' lang='lat' dir='ltr'><em>interpretaretur,</em></span> <span class='ocrx_word' id='word_1_77' title='bbox 648 1541 683 1599; x_wconf 91' lang='lat' dir='ltr'><em>de</em></span> <span class='ocrx_word' id='word_1_78' title='bbox 701 1541 824 1603; x_wconf 81' lang='lat' dir='ltr'><em>lactibus</em></span> <span class='ocrx_word' id='word_1_79' title='bbox 837 1555 934 1624; x_wconf 87' lang='lat' dir='ltr'><em>captus</em></span> <span class='ocrx_word' id='word_1_80' title='bbox 947 1555 997 1604; x_wconf 86' lang='lat' dir='ltr'><em>est.</em></span> 
     </span>
     <span class='ocr_line' id='line_1_16' title="bbox 57 1615 997 1691; baseline 0.006 -14"><span class='ocrx_word' id='word_1_81' title='bbox 57 1620 133 1691; x_wconf 91' lang='lat' dir='ltr'>XIX,</span> <span class='ocrx_word' id='word_1_82' title='bbox 149 1618 218 1686; x_wconf 90' lang='lat' dir='ltr'><em>XX,</em></span> <span class='ocrx_word' id='word_1_83' title='bbox 233 1617 314 1675; x_wconf 91' lang='lat' dir='ltr'>XXI.</span> <span class='ocrx_word' id='word_1_84' title='bbox 336 1615 441 1675; x_wconf 86' lang='lat' dir='ltr'><em>Furius</em></span> <span class='ocrx_word' id='word_1_85' title='bbox 458 1617 592 1678; x_wconf 76' lang='lat' dir='ltr'><em>Camillae</em></span> <span class='ocrx_word' id='word_1_86' title='bbox 605 1620 725 1679; x_wconf 86' lang='lat' dir='ltr'><em>dictator</em></span> <span class='ocrx_word' id='word_1_87' title='bbox 744 1622 835 1682; x_wconf 89' lang='lat' dir='ltr'><em>decem</em></span> <span class='ocrx_word' id='word_1_88' title='bbox 848 1643 937 1684; x_wconf 89' lang='lat' dir='ltr'><em>annos</em></span> <span class='ocrx_word' id='word_1_89' title='bbox 950 1625 997 1683; x_wconf 90' lang='lat' dir='ltr'><em>ob·</em></span> 
     </span>
     <span class='ocr_line' id='line_1_17' title="bbox 54 1695 996 1776; baseline 0.008 -23"><span class='ocrx_word' id='word_1_90' title='bbox 54 1718 135 1758; x_wconf 84' lang='lat' dir='ltr'><em>sessos</em></span> <span class='ocrx_word' id='word_1_91' title='bbox 171 1698 252 1776; x_wconf 82' lang='lat' dir='ltr'><em>Vejos</em></span> <span class='ocrx_word' id='word_1_92' title='bbox 274 1695 365 1774; x_wconf 83' lang='lat' dir='ltr'><em>cepit:</em></span> <span class='ocrx_word' id='word_1_93' title='bbox 394 1695 491 1754; x_wconf 91' lang='lat' dir='ltr'>XXII.</span> <span class='ocrx_word' id='word_1_94' title='bbox 520 1698 705 1758; x_wconf 82' lang='lat' dir='ltr'><em>Simulacrum</em></span> <span class='ocrx_word' id='word_1_95' title='bbox 725 1702 850 1761; x_wconf 66' lang='lat' dir='ltr'><em>«lunonis</em></span> <span class='ocrx_word' id='word_1_96' title='bbox 876 1703 996 1762; x_wconf 84' lang='lat' dir='ltr'><em>Romam</em></span> 
     </span>
     <span class='ocr_line' id='line_1_18' title="bbox 55 1775 996 1871; baseline 0.01 -39"><span class='ocrx_word' id='word_1_97' title='bbox 55 1775 220 1836; x_wconf 85' lang='lat' dir='ltr'><em>transtulit:</em></span> <span class='ocrx_word' id='word_1_98' title='bbox 241 1775 354 1834; x_wconf 89' lang='lat' dir='ltr'>XXIII.</span> <span class='ocrx_word' id='word_1_99' title='bbox 368 1775 628 1866; x_wconf 82' lang='lat' dir='ltr'><em>Decimampartens</em></span> <span class='ocrx_word' id='word_1_100' title='bbox 633 1777 760 1856; x_wconf 82' lang='lat' dir='ltr'><em>praedae</em></span> <span class='ocrx_word' id='word_1_101' title='bbox 769 1779 897 1860; x_wconf 75' lang='lat' dir='ltr'><em>Delphos</em></span> <span class='ocrx_word' id='word_1_102' title='bbox 908 1783 996 1871; x_wconf 81' lang='lat' dir='ltr'><em>Apol-</em></span> 
     </span>
    </p>

    <p class='ocr_par' dir='ltr' id='par_1_12' title="bbox 3 1853 1027 2328">
     <span class='ocr_line' id='line_1_19' title="bbox 3 1853 995 1937; baseline 0.006 -25"><span class='ocrx_word' id='word_1_103' title='bbox 3 1861 4 1864; x_wconf 75' lang='grc'>’</span> <span class='ocrx_word' id='word_1_104' title='bbox 55 1853 105 1912; x_wconf 88' lang='lat' dir='ltr'><em>lini</em></span> <span class='ocrx_word' id='word_1_105' title='bbox 114 1855 201 1914; x_wconf 88' lang='lat' dir='ltr'><em>misit.</em></span> <span class='ocrx_word' id='word_1_106' title='bbox 242 1853 367 1913; x_wconf 87' lang='lat' dir='ltr'>XXVII.</span> <span class='ocrx_word' id='word_1_107' title='bbox 388 1853 467 1911; x_wconf 86' lang='lat' dir='ltr'><em>Idem</em></span> <span class='ocrx_word' id='word_1_108' title='bbox 487 1853 615 1913; x_wconf 79' lang='lat' dir='ltr'><em>tribunus</em></span> <span class='ocrx_word' id='word_1_109' title='bbox 629 1855 756 1927; x_wconf 90' lang='lat' dir='ltr'><em>militurn,</em></span> <span class='ocrx_word' id='word_1_110' title='bbox 771 1878 855 1937; x_wconf 88' lang='lat' dir='ltr'><em>quum</em></span> <span class='ocrx_word' id='word_1_111' title='bbox 869 1858 995 1918; x_wconf 77' lang='lat' dir='ltr'><em>Faliscos</em></span> 
     </span>
     <span class='ocr_line' id='line_1_20' title="bbox 54 1930 996 2013; baseline 0.003 -21"><span class='ocrx_word' id='word_1_112' title='bbox 54 1933 196 2002; x_wconf 84' lang='lat' dir='ltr'><em>obsideret,</em></span> <span class='ocrx_word' id='word_1_113' title='bbox 207 1933 335 2013; x_wconf 88' lang='lat' dir='ltr'><em>proditos</em></span> <span class='ocrx_word' id='word_1_114' title='bbox 348 1930 550 2010; x_wconf 86' lang='lat' dir='ltr'><em>bostiumfilios</em></span> <span class='ocrx_word' id='word_1_115' title='bbox 563 1934 727 2012; x_wconf 89' lang='lat' dir='ltr'><em>parentibus</em></span> <span class='ocrx_word' id='word_1_116' title='bbox 741 1937 868 1994; x_wconf 81' lang='lat' dir='ltr'><em>remisit.-</em></span> <span class='ocrx_word' id='word_1_117' title='bbox 889 1937 996 1995; x_wconf 89' lang='lat' dir='ltr'><em>statim-</em></span> 
     </span>
     <span class='ocr_line' id='line_1_21' title="bbox 54 2009 1027 2092; baseline 0.006 -24"><span class='ocrx_word' id='word_1_118' title='bbox 54 2032 103 2089; x_wconf 88' lang='lat' dir='ltr'><em>que</em></span> <span class='ocrx_word' id='word_1_119' title='bbox 114 2012 258 2071; x_wconf 87' lang='lat' dir='ltr'><em>deditione</em></span> <span class='ocrx_word' id='word_1_120' title='bbox 258 2009 354 2087; x_wconf 72' lang='lat' dir='ltr'><em>factet,</em></span> <span class='ocrx_word' id='word_1_121' title='bbox 369 2009 544 2068; x_wconf 73' lang='lat' dir='ltr'><em>Faliscorum</em></span> <span class='ocrx_word' id='word_1_122' title='bbox 558 2011 702 2070; x_wconf 86' lang='lat' dir='ltr'><em>uictoriam</em></span> <span class='ocrx_word' id='word_1_123' title='bbox 704 2013 823 2090; x_wconf 69' lang='lat' dir='ltr'><em>justitiet</em></span> <span class='ocrx_word' id='word_1_124' title='bbox 836 2024 997 2074; x_wconf 86' lang='lat' dir='ltr'><em>consecutus</em></span> <span class='ocrx_word' id='word_1_125' title='bbox 1022 2075 1027 2092; x_wconf 58' lang='lat'><em>,</em></span> 
     </span>
     <span class='ocr_line' id='line_1_22' title="bbox 53 2089 994 2165; baseline 0.006 -19"><span class='ocrx_word' id='word_1_126' title='bbox 53 2100 98 2148; x_wconf 83' lang='lat' dir='ltr'><em>est.</em></span> <span class='ocrx_word' id='word_1_127' title='bbox 139 2091 253 2150; x_wconf 90' lang='lat' dir='ltr'>XXXI.</span> <span class='ocrx_word' id='word_1_128' title='bbox 278 2090 369 2158; x_wconf 79' lang='lat' dir='ltr'><em>Quum</em></span> <span class='ocrx_word' id='word_1_129' title='bbox 383 2089 456 2146; x_wconf 90' lang='lat' dir='ltr'><em>alter</em></span> <span class='ocrx_word' id='word_1_130' title='bbox 468 2109 502 2147; x_wconf 82' lang='lat' dir='ltr'><em>ea</em></span> <span class='ocrx_word' id='word_1_131' title='bbox 509 2090 665 2148; x_wconf 87' lang='lat' dir='ltr'><em>censoribus</em></span> <span class='ocrx_word' id='word_1_132' title='bbox 677 2090 710 2148; x_wconf 91' lang='lat' dir='ltr'><em>C.</em></span> <span class='ocrx_word' id='word_1_133' title='bbox 722 2089 822 2150; x_wconf 83' lang='lat' dir='ltr'><em>Julius</em></span> <span class='ocrx_word' id='word_1_134' title='bbox 829 2093 994 2165; x_wconf 84' lang='lat' dir='ltr'><em>decessisset,</em></span> 
     </span>
     <span class='ocr_line' id='line_1_23' title="bbox 53 2165 993 2249; baseline 0.004 -23"><span class='ocrx_word' id='word_1_135' title='bbox 53 2169 79 2226; x_wconf 89' lang='lat' dir='ltr'><em>in</em></span> <span class='ocrx_word' id='word_1_136' title='bbox 92 2169 184 2228; x_wconf 87' lang='lat' dir='ltr'><em>laeum</em></span> <span class='ocrx_word' id='word_1_137' title='bbox 198 2173 257 2248; x_wconf 86' lang='lat' dir='ltr'><em>ejus</em></span> <span class='ocrx_word' id='word_1_138' title='bbox 271 2169 320 2228; x_wconf 89' lang='lat' dir='ltr'><em>M.</em></span> <span class='ocrx_word' id='word_1_139' title='bbox 335 2165 481 2226; x_wconf 87' lang='lat' dir='ltr'><em>Cornelius</em></span> <span class='ocrx_word' id='word_1_140' title='bbox 489 2169 617 2246; x_wconf 76' lang='lat' dir='ltr'><em>snffemus</em></span> <span class='ocrx_word' id='word_1_141' title='bbox 629 2177 677 2237; x_wconf 90' lang='lat' dir='ltr'><em>est,</em></span> <span class='ocrx_word' id='word_1_142' title='bbox 687 2189 736 2228; x_wconf 91' lang='lat' dir='ltr'><em>nec</em></span> <span class='ocrx_word' id='word_1_143' title='bbox 745 2169 777 2228; x_wconf 90' lang='lat' dir='ltr'><em>id</em></span> <span class='ocrx_word' id='word_1_144' title='bbox 779 2180 875 2249; x_wconf 84' lang='lat' dir='ltr'><em>postea</em></span> <span class='ocrx_word' id='word_1_145' title='bbox 877 2173 993 2248; x_wconf 70' lang='lat' dir='ltr'><em>fictum</em></span> 
     </span>
     <span class='ocr_line' id='line_1_24' title="bbox 52 2245 994 2328; baseline 0.005 -23"><span class='ocrx_word' id='word_1_146' title='bbox 52 2258 109 2306; x_wconf 84' lang='lat' dir='ltr'><em>est:</em></span> <span class='ocrx_word' id='word_1_147' title='bbox 132 2249 267 2328; x_wconf 86' lang='lat' dir='ltr'><em>qnoniam</em></span> <span class='ocrx_word' id='word_1_148' title='bbox 285 2268 316 2306; x_wconf 92' lang='lat' dir='ltr'><em>eo</em></span> <span class='ocrx_word' id='word_1_149' title='bbox 335 2245 424 2304; x_wconf 89' lang='lat' dir='ltr'><em>lustro</em></span> <span class='ocrx_word' id='word_1_150' title='bbox 440 2266 458 2303; x_wconf 91' lang='lat' dir='ltr'><em>a</em></span> <span class='ocrx_word' id='word_1_151' title='bbox 474 2245 566 2304; x_wconf 87' lang='lat' dir='ltr'><em>Gallis</em></span> <span class='ocrx_word' id='word_1_152' title='bbox 580 2247 672 2306; x_wconf 82' lang='lat' dir='ltr'><em>Roma</em></span> <span class='ocrx_word' id='word_1_153' title='bbox 685 2257 765 2327; x_wconf 91' lang='lat' dir='ltr'><em>capta</em></span> <span class='ocrx_word' id='word_1_154' title='bbox 779 2258 827 2308; x_wconf 85' lang='lat' dir='ltr'><em>est.</em></span> <span class='ocrx_word' id='word_1_155' title='bbox 867 2251 994 2312; x_wconf 92' lang='lat' dir='ltr'>XXXII.</span> 
     </span>
    </p>

    <p class='ocr_par' dir='ltr' id='par_1_13' title="bbox 39 2325 1056 3668">
     <span class='ocr_line' id='line_1_25' title="bbox 51 2325 994 2410; baseline 0.007 -26"><span class='ocrx_word' id='word_1_156' title='bbox 51 2327 79 2384; x_wconf 84' lang='lat' dir='ltr'><em>F</em></span> <span class='ocrx_word' id='word_1_157' title='bbox 77 2328 158 2386; x_wconf 88' lang='lat' dir='ltr'><em>arius</em></span> <span class='ocrx_word' id='word_1_158' title='bbox 177 2325 323 2396; x_wconf 88' lang='lat' dir='ltr'><em>Camillus,</em></span> <span class='ocrx_word' id='word_1_159' title='bbox 356 2344 421 2382; x_wconf 87' lang='lat' dir='ltr'><em>uum</em></span> <span class='ocrx_word' id='word_1_160' title='bbox 435 2325 462 2384; x_wconf 92' lang='lat' dir='ltr'><em>ei</em></span> <span class='ocrx_word' id='word_1_161' title='bbox 474 2325 533 2384; x_wconf 88' lang='lat' dir='ltr'><em>dies</em></span> <span class='ocrx_word' id='word_1_162' title='bbox 546 2347 563 2383; x_wconf 94' lang='lat' dir='ltr'><em>a</em></span> <span class='ocrx_word' id='word_1_163' title='bbox 577 2326 614 2383; x_wconf 91' lang='lat' dir='ltr'><em>L.</em></span> <span class='ocrx_word' id='word_1_164' title='bbox 631 2327 769 2406; x_wconf 84' lang='lat' dir='ltr'><em>Appuleio</em></span> <span class='ocrx_word' id='word_1_165' title='bbox 782 2329 994 2410; x_wconf 84' lang='lat' dir='ltr'><em>tribunoplebis</em></span> 
     </span>
     <span class='ocr_line' id='line_1_26' title="bbox 51 2346 994 2478; baseline 0.006 -17"><span class='ocrx_word' id='word_1_166' title='bbox 51 2406 122 2463; x_wconf 86' lang='lat' dir='ltr'><em>dicta</em></span> <span class='ocrx_word' id='word_1_167' title='bbox 137 2414 216 2474; x_wconf 83' lang='lat' dir='ltr'><em>esset,</em></span> <span class='ocrx_word' id='word_1_168' title='bbox 234 2405 264 2464; x_wconf 89' lang='lat' dir='ltr'><em>iu</em></span> <span class='ocrx_word' id='word_1_169' title='bbox 277 2346 401 2463; x_wconf 80' lang='lat' dir='ltr'><em>cnsilium</em></span> <span class='ocrx_word' id='word_1_170' title='bbox 412 2402 492 2462; x_wconf 89' lang='lat' dir='ltr'><em>abiit.</em></span> <span class='ocrx_word' id='word_1_171' title='bbox 532 2405 674 2475; x_wconf 91' lang='lat' dir='ltr'>XXXIII,</span> <span class='ocrx_word' id='word_1_172' title='bbox 689 2409 740 2466; x_wconf 74' lang='lat' dir='ltr'><em>&amp;a</em></span> <span class='ocrx_word' id='word_1_173' title='bbox 764 2407 855 2478; x_wconf 81' lang='lat' dir='ltr'><em>Quum</em></span> <span class='ocrx_word' id='word_1_174' title='bbox 872 2411 994 2470; x_wconf 86' lang='lat' dir='ltr'><em>Senones</em></span> 
     </span>
     <span class='ocr_line' id='line_1_27' title="bbox 51 2481 993 2564; baseline 0.002 -22"><span class='ocrx_word' id='word_1_175' title='bbox 51 2483 128 2542; x_wconf 89' lang='lat' dir='ltr'><em>Galli</em></span> <span class='ocrx_word' id='word_1_176' title='bbox 148 2483 276 2544; x_wconf 85' lang='lat' dir='ltr'><em>Clusium</em></span> <span class='ocrx_word' id='word_1_177' title='bbox 296 2481 459 2551; x_wconf 84' lang='lat' dir='ltr'><em>obsiderent,</em></span> <span class='ocrx_word' id='word_1_178' title='bbox 480 2491 506 2541; x_wconf 90' lang='lat' dir='ltr'><em>et</em></span> <span class='ocrx_word' id='word_1_179' title='bbox 524 2483 618 2564; x_wconf 87' lang='lat' dir='ltr'><em>legati,</em></span> <span class='ocrx_word' id='word_1_180' title='bbox 639 2505 657 2542; x_wconf 91' lang='lat' dir='ltr'><em>a</em></span> <span class='ocrx_word' id='word_1_181' title='bbox 670 2495 767 2546; x_wconf 81' lang='lat' dir='ltr'><em>senatu</em></span> <span class='ocrx_word' id='word_1_182' title='bbox 781 2487 858 2546; x_wconf 88' lang='lat' dir='ltr'><em>missi</em></span> <span class='ocrx_word' id='word_1_183' title='bbox 870 2488 910 2546; x_wconf 94' lang='lat' dir='ltr'><em>ad</em></span> <span class='ocrx_word' id='word_1_184' title='bbox 921 2509 993 2548; x_wconf 84' lang='lat' dir='ltr'><em>conn-</em></span> 
     </span>
     <span class='ocr_line' id='line_1_28' title="bbox 47 2561 992 2644; baseline 0.004 -24"><span class='ocrx_word' id='word_1_185' title='bbox 47 2564 204 2639; x_wconf 87' lang='lat' dir='ltr'><em>ponendam</em></span> <span class='ocrx_word' id='word_1_186' title='bbox 226 2562 300 2620; x_wconf 87' lang='lat' dir='ltr'><em>inter</em></span> <span class='ocrx_word' id='word_1_187' title='bbox 320 2581 365 2620; x_wconf 90' lang='lat' dir='ltr'><em>eos</em></span> <span class='ocrx_word' id='word_1_188' title='bbox 387 2569 413 2618; x_wconf 88' lang='lat' dir='ltr'><em>et</em></span> <span class='ocrx_word' id='word_1_189' title='bbox 439 2561 569 2622; x_wconf 81' lang='lat' dir='ltr'><em>Clusinos</em></span> <span class='ocrx_word' id='word_1_190' title='bbox 587 2583 690 2642; x_wconf 90' lang='lat' dir='ltr'><em>pacem,</em></span> <span class='ocrx_word' id='word_1_191' title='bbox 712 2574 872 2644; x_wconf 83' lang='lat' dir='ltr'><em>pugnantes</em></span> <span class='ocrx_word' id='word_1_192' title='bbox 894 2576 992 2626; x_wconf 85' lang='lat' dir='ltr'><em>contra</em></span> 
     </span>
     <span class='ocr_line' id='line_1_29' title="bbox 50 2639 992 2718; baseline 0.006 -19"><span class='ocrx_word' id='word_1_193' title='bbox 50 2639 149 2700; x_wconf 89' lang='lat' dir='ltr'><em>Gallos</em></span> <span class='ocrx_word' id='word_1_194' title='bbox 163 2643 194 2699; x_wconf 89' lang='lat' dir='ltr'><em>in</em></span> <span class='ocrx_word' id='word_1_195' title='bbox 209 2642 269 2700; x_wconf 86' lang='lat' dir='ltr'><em>acie</em></span> <span class='ocrx_word' id='word_1_196' title='bbox 282 2639 461 2700; x_wconf 85' lang='lat' dir='ltr'><em>Clusinorum</em></span> <span class='ocrx_word' id='word_1_197' title='bbox 474 2642 629 2708; x_wconf 72' lang='lat' dir='ltr'><em>stetissents</em></span> <span class='ocrx_word' id='word_1_198' title='bbox 652 2642 892 2718; x_wconf 76' lang='lat' dir='ltr'><em>bocstzctoeorum</em></span> <span class='ocrx_word' id='word_1_199' title='bbox 902 2649 992 2705; x_wconf 90' lang='lat' dir='ltr'><em>conci·</em></span> 
     </span>
     <span class='ocr_line' id='line_1_30' title="bbox 48 2715 990 2799; baseline 0.011 -25"><span class='ocrx_word' id='word_1_200' title='bbox 48 2722 99 2777; x_wconf 88' lang='lat' dir='ltr'><em>tati</em></span> <span class='ocrx_word' id='word_1_201' title='bbox 121 2723 245 2780; x_wconf 87' lang='lat' dir='ltr'><em>Senones</em></span> <span class='ocrx_word' id='word_1_202' title='bbox 265 2717 358 2777; x_wconf 88' lang='lat' dir='ltr'><em>urbem</em></span> <span class='ocrx_word' id='word_1_203' title='bbox 378 2718 478 2795; x_wconf 67' lang='lat' dir='ltr'><em>inffesto</em></span> <span class='ocrx_word' id='word_1_204' title='bbox 503 2721 624 2778; x_wconf 79' lang='lat' dir='ltr'><em>exercitu</em></span> <span class='ocrx_word' id='word_1_205' title='bbox 647 2715 795 2799; x_wconf 77' lang='lat' dir='ltr'><em>petiirunt,</em></span> <span class='ocrx_word' id='word_1_206' title='bbox 820 2724 990 2794; x_wconf 87' lang='lat' dir='ltr'>XXXVIII,</span> 
     </span>
     <span class='ocr_line' id='line_1_31' title="bbox 49 2797 1056 2883; baseline 0.008 -27"><span class='ocrx_word' id='word_1_207' title='bbox 49 2799 189 2868; x_wconf 91' lang='lat' dir='ltr'>XXXIX,</span> <span class='ocrx_word' id='word_1_208' title='bbox 211 2797 406 2875; x_wconf 72' lang='lat' dir='ltr'><em>Suc-fiamque</em></span> <span class='ocrx_word' id='word_1_209' title='bbox 425 2797 465 2854; x_wconf 88' lang='lat' dir='ltr'><em>ad</em></span> <span class='ocrx_word' id='word_1_210' title='bbox 484 2797 589 2856; x_wconf 79' lang='lat' dir='ltr'><em>Alliam</em></span> <span class='ocrx_word' id='word_1_211' title='bbox 598 2799 711 2878; x_wconf 84' lang='lat' dir='ltr'><em>flumen</em></span> <span class='ocrx_word' id='word_1_212' title='bbox 732 2800 877 2870; x_wconf 83' lang='lat' dir='ltr'><em>Romanis,</em></span> <span class='ocrx_word' id='word_1_213' title='bbox 898 2823 991 2883; x_wconf 86' lang='lat' dir='ltr'><em>cepere</em></span> <span class='ocrx_word' id='word_1_214' title='bbox 1054 2808 1056 2815; x_wconf 78' lang='grc'>’</span> 
     </span>
     <span class='ocr_line' id='line_1_32' title="bbox 49 2875 988 2957; baseline 0.006 -23"><span class='ocrx_word' id='word_1_215' title='bbox 49 2878 150 2948; x_wconf 85' lang='lat' dir='ltr'><em>urbem,</em></span> <span class='ocrx_word' id='word_1_216' title='bbox 169 2887 285 2957; x_wconf 88' lang='lat' dir='ltr'><em>praeter</em></span> <span class='ocrx_word' id='word_1_217' title='bbox 303 2875 482 2955; x_wconf 86' lang='lat' dir='ltr'><em>Capitolium,</em></span> <span class='ocrx_word' id='word_1_218' title='bbox 499 2877 528 2933; x_wconf 88' lang='lat' dir='ltr'><em>in</em></span> <span class='ocrx_word' id='word_1_219' title='bbox 543 2879 618 2954; x_wconf 88' lang='lat' dir='ltr'><em>quod</em></span> <span class='ocrx_word' id='word_1_220' title='bbox 629 2897 659 2936; x_wconf 90' lang='lat' dir='ltr'><em>se</em></span> <span class='ocrx_word' id='word_1_221' title='bbox 662 2881 799 2956; x_wconf 84' lang='lat' dir='ltr'><em>juventus</em></span> <span class='ocrx_word' id='word_1_222' title='bbox 812 2880 988 2940; x_wconf 82' lang='lat' dir='ltr'><em>contulerat:</em></span> 
     </span>
     <span class='ocr_line' id='line_1_33' title="bbox 49 2954 991 3040; baseline 0.006 -26"><span class='ocrx_word' id='word_1_223' title='bbox 49 2957 127 3016; x_wconf 91' lang='lat' dir='ltr'>XLI.</span> <span class='ocrx_word' id='word_1_224' title='bbox 151 2958 283 3035; x_wconf 84' lang='lat' dir='ltr'><em>Majores</em></span> <span class='ocrx_word' id='word_1_225' title='bbox 303 2963 381 3022; x_wconf 87' lang='lat' dir='ltr'><em>natu,</em></span> <span class='ocrx_word' id='word_1_226' title='bbox 394 2973 455 3012; x_wconf 90' lang='lat' dir='ltr'><em>cum</em></span> <span class='ocrx_word' id='word_1_227' title='bbox 469 2954 623 3032; x_wconf 83' lang='lat' dir='ltr'><em>insignibus</em></span> <span class='ocrx_word' id='word_1_228' title='bbox 636 2955 780 3025; x_wconf 87' lang='lat' dir='ltr'><em>bonorum,</em></span> <span class='ocrx_word' id='word_1_229' title='bbox 794 2979 863 3036; x_wconf 85' lang='lat' dir='ltr'><em>quos</em></span> <span class='ocrx_word' id='word_1_230' title='bbox 895 2961 991 3040; x_wconf 85' lang='lat' dir='ltr'><em>uisque</em></span> 
     </span>
     <span class='ocr_line' id='line_1_34' title="bbox 46 2981 990 3112; baseline 0.005 -20"><span class='ocrx_word' id='word_1_231' title='bbox 46 3044 180 3112; x_wconf 87' lang='lat' dir='ltr'><em>gesserat,</em></span> <span class='ocrx_word' id='word_1_232' title='bbox 195 3038 226 3092; x_wconf 87' lang='lat' dir='ltr'><em>in</em></span> <span class='ocrx_word' id='word_1_233' title='bbox 239 3031 377 3093; x_wconf 86' lang='lat' dir='ltr'><em>uestibulis</em></span> <span class='ocrx_word' id='word_1_234' title='bbox 390 3033 500 3090; x_wconf 88' lang='lat' dir='ltr'><em>aedium</em></span> <span class='ocrx_word' id='word_1_235' title='bbox 514 3033 645 3104; x_wconf 85' lang='lat' dir='ltr'><em>sedentes,</em></span> <span class='ocrx_word' id='word_1_236' title='bbox 660 3035 840 3096; x_wconf 85' lang='lat' dir='ltr'><em>occiderunt:</em></span> <span class='ocrx_word' id='word_1_237' title='bbox 865 2981 990 3100; x_wconf 78' lang='lat' dir='ltr'>XLVII.</span> 
     </span>
     <span class='ocr_line' id='line_1_35' title="bbox 47 3112 989 3193; baseline 0.007 -23"><span class='ocrx_word' id='word_1_238' title='bbox 47 3113 84 3170; x_wconf 81' lang='lat' dir='ltr'><em>lit</em></span> <span class='ocrx_word' id='word_1_239' title='bbox 99 3134 185 3193; x_wconf 88' lang='lat' dir='ltr'><em>quum</em></span> <span class='ocrx_word' id='word_1_240' title='bbox 195 3134 250 3192; x_wconf 81' lang='lat' dir='ltr'><em>per</em></span> <span class='ocrx_word' id='word_1_241' title='bbox 262 3131 387 3170; x_wconf 79' lang='lat' dir='ltr'><em>auersam</em></span> <span class='ocrx_word' id='word_1_242' title='bbox 396 3121 505 3190; x_wconf 78' lang='lat' dir='ltr'><em>pattena</em></span> <span class='ocrx_word' id='word_1_243' title='bbox 524 3112 658 3190; x_wconf 89' lang='lat' dir='ltr'><em>Capitolii</em></span> <span class='ocrx_word' id='word_1_244' title='bbox 661 3116 727 3190; x_wconf 87' lang='lat' dir='ltr'><em>jam</em></span> <span class='ocrx_word' id='word_1_245' title='bbox 741 3112 770 3170; x_wconf 86' lang='lat' dir='ltr'><em>in</em></span> <span class='ocrx_word' id='word_1_246' title='bbox 784 3135 917 3176; x_wconf 90' lang='lat' dir='ltr'><em>summum</em></span> <span class='ocrx_word' id='word_1_247' title='bbox 926 3139 989 3177; x_wconf 86' lang='lat' dir='ltr'><em>eoa·</em></span> 
     </span>
     <span class='ocr_line' id='line_1_36' title="bbox 46 3190 990 3275; baseline 0.005 -27"><span class='ocrx_word' id='word_1_248' title='bbox 46 3192 152 3260; x_wconf 83' lang='lat' dir='ltr'><em>sissent,</em></span> <span class='ocrx_word' id='word_1_249' title='bbox 165 3192 273 3272; x_wconf 91' lang='lat' dir='ltr'><em>proditi</em></span> <span class='ocrx_word' id='word_1_250' title='bbox 286 3190 414 3267; x_wconf 88' lang='lat' dir='ltr'><em>clangore</em></span> <span class='ocrx_word' id='word_1_251' title='bbox 427 3210 563 3258; x_wconf 87' lang='lat' dir='ltr'><em>anserum,</em></span> <span class='ocrx_word' id='word_1_252' title='bbox 576 3193 622 3249; x_wconf 89' lang='lat' dir='ltr'>M.</span> <span class='ocrx_word' id='word_1_253' title='bbox 632 3190 743 3250; x_wconf 89' lang='lat' dir='ltr'><em>Manlii</em></span> <span class='ocrx_word' id='word_1_254' title='bbox 746 3195 990 3275; x_wconf 66' lang='lat' dir='ltr'><em>praecipuboperd</em></span> 
     </span>
     <span class='ocr_line' id='line_1_37' title="bbox 48 3269 990 3351; baseline 0.007 -25"><span class='ocrx_word' id='word_1_255' title='bbox 48 3270 146 3351; x_wconf 87' lang='lat' dir='ltr'><em>dejecti</em></span> <span class='ocrx_word' id='word_1_256' title='bbox 163 3279 238 3327; x_wconf 89' lang='lat' dir='ltr'><em>sunt.</em></span> <span class='ocrx_word' id='word_1_257' title='bbox 279 3269 416 3327; x_wconf 92' lang='lat' dir='ltr'>XLVIII.</span> <span class='ocrx_word' id='word_1_258' title='bbox 442 3269 553 3328; x_wconf 86' lang='lat' dir='ltr'><em>Coactis</em></span> <span class='ocrx_word' id='word_1_259' title='bbox 573 3269 671 3328; x_wconf 89' lang='lat' dir='ltr'><em>deinde</em></span> <span class='ocrx_word' id='word_1_260' title='bbox 687 3279 804 3350; x_wconf 89' lang='lat' dir='ltr'><em>propter</em></span> <span class='ocrx_word' id='word_1_261' title='bbox 803 3276 915 3350; x_wconf 80' lang='lat' dir='ltr'><em>forrum</em></span> <span class='ocrx_word' id='word_1_262' title='bbox 931 3276 990 3333; x_wconf 86' lang='lat' dir='ltr'><em>llo·</em></span> 
     </span>
     <span class='ocr_line' id='line_1_38' title="bbox 47 3346 989 3428; baseline 0.004 -23"><span class='ocrx_word' id='word_1_263' title='bbox 47 3350 136 3408; x_wconf 88' lang='lat' dir='ltr'><em>manis</em></span> <span class='ocrx_word' id='word_1_264' title='bbox 157 3348 328 3418; x_wconf 88' lang='lat' dir='ltr'><em>descendere,</em></span> <span class='ocrx_word' id='word_1_265' title='bbox 350 3356 381 3404; x_wconf 89' lang='lat' dir='ltr'><em>nt</em></span> <span class='ocrx_word' id='word_1_266' title='bbox 401 3346 475 3404; x_wconf 89' lang='lat' dir='ltr'><em>mille</em></span> <span class='ocrx_word' id='word_1_267' title='bbox 491 3349 584 3426; x_wconf 88' lang='lat' dir='ltr'><em>panda</em></span> <span class='ocrx_word' id='word_1_268' title='bbox 599 3348 664 3406; x_wconf 91' lang='lat' dir='ltr'><em>auri</em></span> <span class='ocrx_word' id='word_1_269' title='bbox 677 3349 784 3416; x_wconf 87' lang='lat' dir='ltr'><em>darent,</em></span> <span class='ocrx_word' id='word_1_270' title='bbox 799 3359 825 3408; x_wconf 90' lang='lat' dir='ltr'><em>et</em></span> <span class='ocrx_word' id='word_1_271' title='bbox 838 3351 888 3407; x_wconf 85' lang='lat' dir='ltr'><em>boc</em></span> <span class='ocrx_word' id='word_1_272' title='bbox 898 3353 989 3428; x_wconf 88' lang='lat' dir='ltr'><em>pretio</em></span> 
     </span>
     <span class='ocr_line' id='line_1_39' title="bbox 39 3425 991 3502; baseline 0.002 -18"><span class='ocrx_word' id='word_1_273' title='bbox 39 3429 129 3502; x_wconf 83' lang='lat' dir='ltr'><em>finem</em></span> <span class='ocrx_word' id='word_1_274' title='bbox 145 3426 295 3486; x_wconf 87' lang='lat' dir='ltr'><em>obsidionis</em></span> <span class='ocrx_word' id='word_1_275' title='bbox 309 3435 448 3484; x_wconf 87' lang='lat' dir='ltr'><em>emerent:</em></span> <span class='ocrx_word' id='word_1_276' title='bbox 471 3425 578 3484; x_wconf 91' lang='lat' dir='ltr'>XLIX.</span> <span class='ocrx_word' id='word_1_277' title='bbox 601 3429 626 3484; x_wconf 90' lang='lat' dir='ltr'><em>F</em></span> <span class='ocrx_word' id='word_1_278' title='bbox 626 3428 705 3484; x_wconf 87' lang='lat' dir='ltr'><em>arius</em></span> <span class='ocrx_word' id='word_1_279' title='bbox 718 3426 862 3492; x_wconf 89' lang='lat' dir='ltr'><em>Camillus,</em></span> <span class='ocrx_word' id='word_1_280' title='bbox 871 3429 991 3486; x_wconf 90' lang='lat' dir='ltr'><em>dictator</em></span> 
     </span>
     <span class='ocr_line' id='line_1_40' title="bbox 48 3503 991 3582; baseline 0 -20"><span class='ocrx_word' id='word_1_281' title='bbox 48 3507 145 3566; x_wconf 88' lang='lat' dir='ltr'><em>absens</em></span> <span class='ocrx_word' id='word_1_282' title='bbox 166 3513 283 3580; x_wconf 76' lang='lat' dir='ltr'><em>creatus,</em></span> <span class='ocrx_word' id='word_1_283' title='bbox 305 3504 377 3562; x_wconf 89' lang='lat' dir='ltr'><em>inter</em></span> <span class='ocrx_word' id='word_1_284' title='bbox 393 3503 569 3582; x_wconf 84' lang='lat' dir='ltr'><em>pendendum</em></span> <span class='ocrx_word' id='word_1_285' title='bbox 588 3524 687 3562; x_wconf 88' lang='lat' dir='ltr'><em>aarum</em></span> <span class='ocrx_word' id='word_1_286' title='bbox 701 3523 761 3562; x_wconf 90' lang='lat' dir='ltr'><em>cnm</em></span> <span class='ocrx_word' id='word_1_287' title='bbox 775 3504 894 3562; x_wconf 72' lang='lat' dir='ltr'><em>exercitu</em></span> <span class='ocrx_word' id='word_1_288' title='bbox 908 3507 991 3574; x_wconf 87' lang='lat' dir='ltr'><em>uenit,</em></span> 
     </span>
     <span class='ocr_line' id='line_1_41' title="bbox 49 3579 990 3668; baseline -0.002 -24"><span class='ocrx_word' id='word_1_289' title='bbox 49 3595 72 3644; x_wconf 87' lang='lat' dir='ltr'><em>et</em></span> <span class='ocrx_word' id='word_1_290' title='bbox 88 3584 190 3645; x_wconf 86' lang='lat' dir='ltr'><em>Gallos</em></span> <span class='ocrx_word' id='word_1_291' title='bbox 208 3591 271 3668; x_wconf 87' lang='lat' dir='ltr'><em>post</em></span> <span class='ocrx_word' id='word_1_292' title='bbox 290 3591 394 3642; x_wconf 82' lang='lat' dir='ltr'><em>sectum</em></span> <span class='ocrx_word' id='word_1_293' title='bbox 414 3600 530 3644; x_wconf 87' lang='lat' dir='ltr'><em>mensem</em></span> <span class='ocrx_word' id='word_1_294' title='bbox 547 3582 615 3642; x_wconf 88' lang='lat' dir='ltr'><em>urbe</em></span> <span class='ocrx_word' id='word_1_295' title='bbox 632 3579 746 3661; x_wconf 74' lang='lat' dir='ltr'><em>expulit,</em></span> <span class='ocrx_word' id='word_1_296' title='bbox 760 3580 915 3659; x_wconf 86' lang='lat' dir='ltr'><em>ceciditque.</em></span> <span class='ocrx_word' id='word_1_297' title='bbox 956 3585 990 3642; x_wconf 95' lang='lat' dir='ltr'>L.</span> 
     </span>
    </p>
   </div>
   <div class='ocr_carea' id='block_1_8' title="bbox 0 0 1116 3862">
    <p class='ocr_par' dir='ltr' id='par_1_14' title="bbox 0 0 1116 3862">
     <span class='ocr_line' id='line_1_42' title="bbox 0 0 1116 3862; baseline 0 3"><span class='ocrx_word' id='word_1_298' title='bbox 0 0 1116 3862; x_wconf 95' lang='lat' dir='ltr'><em> </em></span> 
     </span>
    </p>
   </div>
   <div class='ocr_carea' id='block_1_9' title="bbox 1041 3707 1109 3810">
    <p class='ocr_par' dir='ltr' id='par_1_15' title="bbox 1041 3707 1109 3810">
     <span class='ocr_line' id='line_1_43' title="bbox 1041 3707 1109 3810; baseline 0 0"><span class='ocrx_word' id='word_1_299' title='bbox 1041 3707 1109 3810; x_wconf 53' lang='lat' dir='ltr'>J</span> 
     </span>
    </p>
   </div>
  </div>
 </body>
</html>
