2230 3846
92 191 151 250 116
451 225 455 234 ·
481 187 515 246 T.
537 185 638 247 LlVll

91 349 149 413 bat,
171 353 179 384 ‘
194 346 329 405 Pestileos
342 346 462 422 collegae
473 367 573 405 munus
583 367 652 406 ease.
696 349 785 424 Agros
798 347 861 406 illos
874 348 1041 407 servitutem
1099 365 1105 396 ι

93 428 157 493 ‘iia
167 427 214 502 qui
224 426 388 503 acceperint,
399 427 510 484 laturos.
540 427 797 502 Regooviamfieri.
825 429 902 493 Quid
913 429 952 485 ita
962 429 1042 486 enim
1101 466 1102 474 ι

93 506 218 564 ‘assoon
231 507 322 563 socios
334 519 362 562 et
382 525 482 564 nomen
496 505 651 563 Latinum?
672 507 748 570 Quid
762 507 914 573 attinuisse,
930 507 1041 564 Herni·
1102 524 1106 556 ι

93 586 163 652 ‘cie,
184 585 276 661 paullo
289 588 353 642 ante
369 583 502 651 hostibus,
523 587 596 662 cepti
616 585 674 661 agri
693 599 799 662 partem
820 588 929 644 tertiam
947 577 1042 651 reddi,
1103 605 1106 638 s

92 665 169 721 ‘nisi
190 677 221 722 ut
240 663 292 721 hae
311 677 408 738 gentes
424 685 474 741 pro
488 664 635 722 Coriolano
652 666 722 722 duce
738 666 865 723 Cassium
885 663 1041 723 habeant?
1103 686 1104 690 ¹

94 743 239 820 Popularia
257 742 331 821 jam¹
357 761 417 800 esse
437 745 575 800 dissuasor
594 757 623 800 et
646 745 808 802 intercessor
828 746 895 820 legis
915 745 1042 819 agrariae
1101 775 1106 798 ι

93 835 232 899 coeperat
276 823 398 897 Uterque
418 823 518 880 deinde
538 823 633 880 consul
654 825 776 881 certatim
793 825 867 900 plebi
884 824 1042 898 indulgere.
1103 846 1106 878 ι

93 901 238 994 Virginius
256 901 369 968 dicere,
376 921 521 978 passurum
541 921 571 959 ae
591 903 721 977 assignari
737 923 831 996 egros,
846 905 912 960 dum
930 923 966 959 ne
981 903 1041 970 cui,
1104 927 1107 960 ι

96 982 150 1038 nisi
162 982 216 1038 civi
207 981 366 1048 Romano,
386 981 567 1056 assignentur.
608 982 728 1049 Cassius,
747 984 812 1057 quia
825 984 852 1038 in
866 982 973 1058 agraria
986 982 1042 1040 lar·
1104 987 1107 1028 J

96 1061 200 1137 gitioae
213 1060 394 1118 ambitiosus
387 1079 415 1116 ιιι
429 1061 534 1126 socios,
528 1079 629 1152 epque
643 1061 748 1118 civibus
761 1063 918 1130 adiecerat,
934 1073 967 1118 ut
984 1061 1043 1118 alio
1104 1087 1107 1120 ι

96 1159 212 1198 munere
231 1139 284 1196 sibi
303 1139 533 1197 reconcilieret'
511 1140 611 1196 civium
628 1141 742 1206 animos,
752 1140 861 1215 J'ubere,
876 1159 949 1234 pro
942 1139 1043 1197 Siculo

97 1219 237 1276 frumento
250 1219 393 1292 pecuniam
409 1231 549 1295 acceptam
564 1220 675 1276 retribui
691 1221 800 1295 populo.
841 1218 875 1276 Id
890 1235 954 1276 vero
939 1215 1044 1276 haud

98 1317 188 1365 secun
202 1317 285 1372 quam
306 1311 477 1389 praeceptam
498 1299 651 1355 mercedem
673 1300 759 1410 regni,
777 1311 921 1373 aspernata
933 1299 1043 1374 plebes.

101 1377 183 1434 Adeb
203 1389 315 1452 propter
335 1376 518 1469 suspicionem
533 1377 641 1434 insitam
656 1379 762 1453 regni,
742 1378 853 1435 ²velut
867 1378 1044 1434 abundarent
1107 1427 1108 1440 ,

100 1475 201 1521 omnia,
211 1474 427 1530 muneraeJusm
437 1475 535 1512 animis
544 1455 685 1513 hommum
696 1457 902 1533 respuebantur
935 1457 1043 1530 Quem,

100 1535 148 1592 ubi
169 1533 285 1611 primitur
307 1535 466 1610 magistratu
487 1535 563 1600 abiit,
588 1537 746 1593 demnatum
769 1551 951 1612 necatumque
973 1557 1044 1594 con·

100 1626 164 1672 stat·
205 1612 285 1679 Sunt,
307 1614 354 1688 qui
382 1622 509 1690 ‘patrem
530 1628 671 1671 auctorem
692 1614 751 1690 ejus
777 1615 912 1692 supplicii’
932 1617 1044 1672 serant:

102 1703 197 1758 ‘eum,
212 1693 323 1766 cognitis
336 1693 412 1749 dorni
426 1694 516 1758 ceasia,
531 1695 687 1750 verberbsse
701 1713 733 1750 ac
746 1696 866 1760 necasse,
886 1696 1044 1770 peculium·

103 1779 111 1808 ‘
125 1770 200 1847 que³
214 1771 263 1827 filii
272 1771 367 1830 Cereri
378 1773 585 1829 consecravisse.
621 1773 735 1848 Signum
745 1773 808 1830 inda
818 1775 920 1830 sactum
931 1793 1003 1842 esse,
1014 1787 1046 1831 et

103 1850 295 1927 ‘inscriptum
315 1869 354 1908 sx
375 1852 486 1908 Cassia
509 1869 643 1908 enarrare
666 1852 794 1910 aaroni!
834 1851 950 1909 Invenio
966 1853 1047 1928 apud

104 1931 246 2007 quosdam,
261 1931 343 2006 idque
358 1931 469 2008 propibs
482 1930 564 1986 fidem
580 1944 630 1997 est,
646 1938 654 1964 ‘
667 1951 684 1988 a
697 1931 887 2005 quaestoribus
903 1931 941 1987 K.
956 1931 1046 1988 Fabio

105 2017 156 2069 ‘et
175 2008 210 2066 L.
232 2010 342 2067 Valerio
362 2011 435 2066 diem
453 2009 553 2066 dictam
578 2011 772 2084 perduellionis
783 2009 805 2076 ⁴,
825 2011 1046 2085 damnatumque

105 2089 222 2168 ‘populi
237 2088 360 2163 judicio:
383 2089 488 2146 dirutas
508 2090 616 2164 publice
636 2088 734 2146 aedes!
778 2090 819 2146 Ea
839 2102 881 2146 est
901 2109 965 2146 area
978 2104 1046 2146 aute

208 2169 327 2226 Telluris
341 2169 447 2226 aedem.
488 2168 654 2226 Ceterbrn'
633 2188 690 2225 sive
705 2169 770 2224 illud
780 2168 1008 2234 domesticum,
986 2187 1046 2226 stre

107 2251 131 2286 0·
139 2251 167 2354 ξ
206 2248 346 2322 publicum
368 2248 419 2304 fait
434 2247 580 2323 judicium,
598 2249 743 2305 damnatur
764 2247 822 2304 Ser.
844 2247 985 2316 Cornelio,
1008 2247 1046 2311 Q.

139 2305 293 2383 9'Fabio
306 2328 471 2383 consulibus.

144 2403 240 2462 XLII.
261 2404 347 2462 Haud
367 2405 519 2462 diuturna
512 2426 551 2462 rra
568 2406 689 2482 populi'
681 2427 708 2462 ιιι
729 2405 855 2464 Cassium
868 2403 930 2462 luit.
971 2405 1047 2463 Dul-

104 2485 174 2544 cedo
193 2484 314 2558 agrariae
335 2485 401 2558 legis
415 2487 475 2560 ipsa
487 2503 537 2558 per
549 2505 588 2551 se,
603 2486 715 2560 dempto
729 2498 849 2550 auctora,
863 2486 974 2543 subibat
988 2488 1047 2543 arri-

104 2583 182 2620 mos:
204 2582 373 2637 accensaque
386 2583 419 2618 ea
432 2563 567 2638 cupiditas
581 2579 624 2621 est
638 2564 808 2639 malignitate
829 2565 943 2634 Petrum
957 2587 964 2631 ;
988 2565 1045 2640 qui,

104 2642 220 2700 devictis
229 2661 262 2698 eo
271 2642 452 2700 annoVolscis
464 2644 631 2718 Aequisque,
640 2643 754 2700 militem
766 2645 867 2719 praedi
875 2645 1047 2702 fraudavere.

105 2721 245 2796 Quicquid
259 2735 370 2795 captum
385 2742 418 2778 ex
434 2721 558 2778 hostibus
572 2737 622 2788 est,
637 2723 761 2780 vendidit
775 2722 875 2780 Fabius
888 2725 997 2788 consul,
1015 2743 1048 2782 ac

103 2800 247 2875 redegitin
257 2802 407 2877 publicum.
447 2800 570 2858 Invisum
581 2815 638 2860 erat
649 2801 762 2858 Fabium
772 2823 871 2860 nomen
879 2802 956 2878 plebi
965 2822 1049 2878 prop·

140 2911 146 2942 ¹
164 2915 228 2968 Jam,
248 2911 273 2958 in
288 2913 355 2960 those
370 2913 447 2963 times.
486 2913 547 2976 Livy
559 2913 637 2960 drawa
653 2915 691 2960 the
704 2915 819 2965 attention
832 2915 861 2962 ot'
875 2915 915 2962 the
927 2914 1013 2962 reeder
1025 2925 1049 2962 to

101 2980 144 3028 the
161 2979 345 3027 circumstances
362 2981 439 3028 which
458 2982 528 3029 made
546 2983 647 3042 populor
663 2981 702 3028 the
720 2983 804 3029 consul
818 2984 869 3028 who
884 2982 992 3042 opposed
1011 2983 1050 3028 the

103 3047 213 3110 agrarian
225 3048 278 3103 law,
286 3065 301 3094 a
312 3049 447 3110 popularity
460 3065 515 3111 very
525 3049 635 3097 different
644 3049 705 3096 from
715 3051 755 3096 the
764 3050 883 3109 reception
894 3049 972 3096 which
982 3052 1050 3096 those

99 3117 159 3164 who
170 3115 308 3163 afterwards
319 3117 428 3176 opposed
436 3118 455 3163 it
466 3126 516 3164 met
524 3118 589 3164 with.
663 3113 673 3141 ¹
686 3119 777 3166 Merces
788 3121 861 3179 regal,
874 3133 888 3163 a
899 3115 966 3176 price
977 3118 1050 3178 given

102 3181 142 3232 fur
159 3182 282 3245 sovereign
295 3199 389 3244 power;
408 3189 479 3234 insitu
491 3189 589 3246 auspicio
600 3189 676 3245 regni,
695 3185 733 3229 the
746 3185 826 3231 innate
838 3183 940 3246 feeliogs
952 3185 983 3230 of
996 3201 1048 3232 sus-

8 3275 9 3310 1
103 3251 184 3310 picion
200 3250 256 3296 with
276 3251 351 3297 which
369 3253 408 3298 the
430 3255 536 3300 Romans
552 3251 666 3314 regarded
684 3265 754 3313 every
767 3267 821 3298 men
840 3253 892 3298 who
910 3249 1007 3298 seemed
1025 3262 1049 3299 to

8 3313 9 3346 l
102 3319 183 3380 aspice
194 3327 219 3365 to
230 3319 354 3379 sovereign
367 3334 454 3378 power.
524 3315 537 3348 ³
552 3323 588 3366 As
600 3321 639 3365 the
652 3317 735 3376 father,
748 3319 804 3365 with
817 3321 857 3366 tbe
872 3319 990 3376 Romans,
1003 3319 1050 3366 hed

102 3385 145 3432 the
156 3399 221 3433 same
232 3385 296 3446 right
306 3399 364 3431 orer
375 3386 411 3431 his
422 3385 527 3433 children
541 3386 616 3433 which
629 3383 716 3432 hebed
728 3401 782 3433 over
795 3385 831 3432 hie
839 3385 922 3440 slaves,
940 3387 983 3433 the
995 3402 1049 3448 pro·

105 3463 174 3514 perty
186 3453 262 3500 which
275 3455 305 3499 he
316 3452 417 3500 allowed
430 3455 494 3501 thern
507 3464 531 3500 to
543 3453 639 3516 acquire
651 3467 706 3506 was,
726 3469 752 3501 es
767 3455 793 3502 in
805 3455 845 3502 the
856 3469 909 3504 cese
920 3453 950 3501 ol'
965 3453 1049 3510 claues,

105 3519 183 3568 called
195 3521 256 3570 their
263 3523 392 3584 peccham
462 3521 472 3551 ⁴
491 3523 569 3582 Scep
585 3522 624 3579 29,
638 3530 694 3568 note
707 3522 732 3571 2.
949 3535 952 3542 “
