2230 3846
449 219 574 280 LIBER
595 220 636 280 11.
960 225 998 280 99

62 379 152 456 pr'puli'
164 379 232 436 data
252 389 336 447 esset,
351 397 416 437 eurn
431 397 558 456 praeesse
572 397 704 445 annonae,
719 385 905 438 mercatorum
916 381 997 438 colle·

9 495 10 500 =
59 461 122 533 pium
143 458 304 526 instituere,
319 458 444 516 solennia
457 477 508 534 pro
520 459 650 534 pontifice
659 458 743 534 jussit
755 461 902 536 suscipere.
944 461 997 516 Po·

9 531 11 600 l
59 539 127 612 palus
136 537 348 594 dedicationem
362 539 439 594 aedis
453 539 500 594 dat
514 537 558 594 M.
572 537 711 603 Laetorio,
723 538 804 612 primi
818 539 866 614 pili
878 538 885 576 ¹
901 553 998 596 centu·-

9 603 11 658 l
59 617 133 672 riori:
153 617 235 690 quod
256 617 337 673 facile
357 630 510 692 appareret,
530 637 585 673 non
605 629 660 673 tam
675 618 709 672 ad
724 615 855 674 honorem
869 617 936 694 ejus,
952 619 997 675 rui

59 697 151 752 curatio
168 695 257 752 altior
276 695 387 770 fastigio
400 716 452 752 suo
465 697 529 753 data
542 707 615 752 esset
625 695 645 761 ²,
660 695 772 762 factum,
787 695 869 770 quim
883 699 917 754 ad
931 717 996 754 ron·

58 775 135 830 aulum
150 775 349 849 ignominiam.
391 773 502 832 Saevire
515 775 579 831 inde
593 774 689 848 utique
702 775 846 831 consulum
856 777 932 843 alter,
944 777 996 833 Pa-

59 869 176 927 traeque:
199 854 254 910 sed
267 854 341 928 plebi
356 866 497 910 oraverant
510 855 611 918 animi;
633 864 662 910 et
675 853 756 928 longe
768 853 830 920 aliia,
844 855 926 929 quiam
941 857 996 930 pri·

58 929 295 999 mbinstituerent,
309 932 354 988 riri
361 932 561 1007 grassabantur.
604 932 759 1007 Desperare
770 933 842 989 enim
852 935 994 992 consulum

58 1011 219 1086 aratrisque
242 1009 356 1076 auxilio,
378 1028 463 1085 quum
485 1013 513 1068 in
535 1013 582 1088 jus
602 1012 666 1066 duci
683 1011 834 1069 debitorem
856 1013 996 1080 vidissent,

58 1091 170 1165 audique
193 1090 389 1146 convolabant.
432 1090 530 1166 Neque
557 1092 698 1148 decretum
726 1091 850 1148 exaudiri
879 1093 997 1148 consulis

58 1189 110 1244 prae
130 1169 260 1245 strepitu
280 1180 309 1225 et
329 1169 447 1227 clamore
467 1181 591 1246 poterat:
613 1187 711 1242 nequo,
734 1189 820 1243 quum
848 1171 997 1236 decresset,

59 1250 195 1323 quisquam
215 1247 436 1323 obtemperabat.
478 1249 514 1305 Vi
534 1250 674 1323 agebatur,
696 1260 840 1323 metusque
861 1249 949 1306 omnis
969 1262 998 1306 et

58 1329 204 1403 periculum
229 1326 374 1395 libertatis,
394 1345 479 1401 quum
500 1329 528 1384 in
549 1339 698 1403 conspectu
718 1328 837 1384 consulis
857 1328 959 1401 singuli
979 1349 996 1385 0

59 1406 175 1481 pluribus
197 1406 376 1472 violarentur,
398 1406 426 1461 in
446 1407 596 1464 creditores
615 1405 814 1463 adebitorihus
828 1407 995 1465 verterant³.

59 1485 139 1561 Super
159 1484 234 1542 haec
254 1485 339 1542 timor
358 1485 469 1542 incessit
487 1485 581 1543 Sabini
595 1485 675 1551 belli;
695 1486 859 1561 delectuque
873 1487 993 1552 decreto,

57 1583 129 1622 nemo
143 1583 252 1621 nomen
266 1563 352 1627 dedit,
365 1565 474 1622 furente
489 1565 592 1640 Appio,
607 1577 636 1621 et
649 1564 800 1622 insectante
813 1566 991 1622 ambitionem

57 1644 189 1718 collegam
212 1651 220 1677 ‘
236 1644 285 1717 qui
299 1643 424 1720 populari
437 1644 545 1700 silentio
554 1643 749 1718 rempublicam
764 1645 901 1721 proderet,
916 1647 994 1702 etad

59 1722 111 1788 ί01,
124 1723 202 1798 quod
218 1722 255 1778 de
269 1723 374 1781 creditit
388 1723 504 1798 pecunia
512 1723 560 1798 jus
573 1741 627 1779 non
637 1722 759 1789 dixisset,
769 1723 910 1800 adjiceret,
920 1738 952 1781 ut
961 1744 995 1781 ne

58 1802 215 1859 ‘delectum
235 1801 348 1876 quidem
370 1821 405 1858 ex
426 1802 537 1859 senarias
557 1802 682 1858 consulto
697 1799 816 1858 haberet.
860 1803 922 1858 Non
937 1823 996 1860 esse

58 1888 64 1914 ‘
76 1893 168 1938 tamen
178 1881 319 1938 desertam
331 1882 443 1938 omnino
451 1881 657 1956 rempublicam,
666 1899 755 1954 neque
767 1881 917 1958 projectum
929 1901 994 1938 con·

58 1961 162 2016 ‘sulare
183 1959 342 2034 imperium.
385 1959 421 2017 Se
441 1979 526 2017 unum
541 1972 570 2017 et
583 1979 648 2016 suae
662 1973 690 2016 et
708 1963 818 2016 l'atrum
834 1960 993 2035 majestatis,

59 2046 64 2071 ¹
78 2039 214 2096 vindicem
235 2038 311 2096 lore!
352 2038 447 2101 Quum
461 2040 650 2097 circumstaret
663 2039 822 2112 quotidiana
836 2037 994 2105 multitudo,

59 2117 165 2174 licentia
178 2137 304 2183 accensa,
319 2117 401 2193 arripi
409 2138 494 2175 unum
504 2117 638 2192 insignem
650 2116 749 2173 ducem
760 2117 927 2174 seditionum
934 2116 995 2193 jua-

59 2197 98 2253 sit
136 2198 198 2264 llle,
215 2216 300 2270 quum
315 2197 486 2254 alictoribus
496 2197 552 2274 jam
567 2194 728 2261 traheretur,
749 2196 922 2274 provocavit:
943 2216 995 2254 nec

59 2275 180 2333 cessisset
200 2276 390 2352 provocationi
408 2277 513 2340 consul,
535 2275 673 2350 quianon
694 2275 809 2332 dubium
830 2288 888 2332 erat
901 2276 995 2352 populi

54 2354 197 2429 judiciam,
219 2354 272 2410 nisi
294 2357 375 2430 aegre
390 2355 461 2412 victa
479 2355 629 2432 pertinacia
643 2356 721 2422 foret,
736 2355 850 2412 coneilio
865 2355 951 2430 magis
965 2368 994 2413 et

59 2435 219 2492 auctoritate
233 2434 397 2510 principum,
412 2434 493 2508 quam
508 2433 604 2510 populi
617 2434 743 2490 clamore.
787 2430 868 2492 Adeb
883 2454 995 2511 rupero·

59 2525 115 2570 rant
127 2513 215 2570 animi
228 2514 263 2570 ad
274 2514 462 2570 sustinendam
471 2514 600 2570 invidiam
613 2511 635 2568 ⁴.
676 2513 807 2571 Crescere
817 2514 882 2570 inde
893 2515 994 2570 malum

58 2593 83 2647 in
102 2593 169 2662 dios,
191 2611 248 2648 non
268 2593 432 2650 clamoribus
446 2593 529 2650 modo
542 2592 651 2668 apertis,
672 2593 729 2660 sed,
744 2593 818 2667 quod
833 2593 920 2650 multo
933 2613 994 2669 per-

88 2739 93 2766 ¹
113 2742 213 2788 Primus
227 2741 295 2802 pilus
306 2755 355 2787 was
372 2739 447 2786 either
464 2740 505 2786 the
521 2748 581 2786 term
598 2737 693 2799 applied
706 2748 730 2786 to
742 2755 756 2786 a
767 2754 824 2786 man
836 2739 865 2786 01
878 2755 893 2786 0
904 2739 994 2788 certain

58 2806 111 2852 rank
123 2807 147 2852 in
160 2811 202 2854 the
213 2823 289 2868 army,
302 2822 337 2864 or,
350 2823 375 2854 aa
391 2809 453 2864 bere,
466 2808 505 2853 the
516 2807 575 2853 rank
587 2806 658 2854 itsell.
689 2813 696 2836 ‘
710 2807 761 2854 Tae
778 2807 903 2854 centurion
916 2807 945 2854 of
957 2808 996 2854 the

59 2872 123 2920 ‘first
140 2885 240 2935 century
253 2875 282 2921 01
296 2876 336 2921 the
350 2875 401 2921 first
418 2874 522 2936 maniple
533 2875 562 2921 01
576 2876 615 2921 the
631 2877 721 2924 Triarii
731 2890 779 2921 was
791 2873 867 2922 called
886 2880 995 2925 Centurio

62 2945 147 3002 ‘primi
160 2947 209 3004 pilr'
220 2942 258 2988 vel
273 2945 348 3004 primi
364 2946 460 2998 ordinis,
473 2957 500 2989 or
513 2946 611 2991 Primus
624 2947 699 2999 Pilur,
710 2946 856 3004 primipilus,
868 2957 895 2988 or
903 2947 994 3005 primo·

60 3009 995 3140 ⁶'’dttltd'ttsl.t'{l‘.'¹..⁰.rt¹.“.ttllt.thtlttilt'd‘tdttl.

61 3143 149 3206 ‘engle
168 3160 197 3191 or
214 3145 281 3192 chief
294 3145 407 3192 standard
424 3145 452 3191 01
471 3146 511 3192 the
528 3145 617 3206 legion,
635 3146 745 3207 whereby
763 3146 793 3192 he
809 3146 921 3192 obtained
939 3148 997 3193 both

60 3213 66 3235 ‘
77 3211 144 3270 profit
155 3211 205 3258 and
217 3211 320 3274 dignity,
331 3213 404 3275 being
414 3211 504 3259 ranked
514 3227 603 3274 among
613 3213 651 3259 the
659 3218 756 3276 equiter.
795 3213 836 3260 He
848 3213 894 3260 had
904 3230 918 3260 0
927 3213 994 3274 place

61 3277 100 3323 ‘in
116 3281 157 3326 tbe
174 3281 272 3327 counoil
284 3280 313 3326 01
327 3295 375 3326 war
387 3280 443 3326 with
461 3281 501 3326 the
517 3280 602 3326 consul
619 3279 666 3326 and
685 3280 811 3327 tribunes.’
850 3282 887 3328 Dr
901 3285 992 3326 Anam.

60 3343 68 3370 ¹
83 3350 136 3402 Cui,
149 3349 195 3395 dcc.
234 3347 280 3394 Cui
292 3347 329 3394 t'or
340 3348 429 3409 quippe
440 3346 470 3394 ei.
509 3347 579 3394 Since
596 3361 610 3392 a
627 3348 712 3408 charge
724 3346 771 3394 had
782 3348 842 3393 been
854 3345 994 3393 committed

60 3421 81 3456 to
91 3413 139 3458 him
152 3413 183 3460 01
191 3425 284 3474 greater
293 3414 387 3478 dignity
396 3417 509 3461 than'was
517 3413 686 3473 proportioned
696 3414 763 3459 tobis
773 3413 839 3458 ranlr.
909 3411 919 3438 ⁸
941 3415 1002 3456 Ver--

60 3489 137 3533 terunt.
155 3481 243 3542 supply
254 3499 286 3530 ae·
315 3485 359 3529 See
376 3498 400 3542 p.
415 3482 455 3537 32,
468 3491 524 3527 nota
537 3481 559 3526 2.
628 3480 727 3536 ⁴Adeo,
745 3480 788 3525 8ιο.
827 3479 858 3524 So
875 3475 993 3521 excessive

63 3561 105 3593 aas
117 3549 157 3594 the
166 3548 298 3596 resolution
307 3549 364 3596 with
374 3548 449 3596 which
459 3549 488 3594 he
498 3546 621 3611 (Appius)
631 3545 756 3592 withrtood
765 3546 804 3590 the
814 3541 894 3602 public
902 3540 993 3588 odium.

516 3615 561 3668 12
