2224 3862
113 191 175 250 198
485 191 544 252 ST.
564 191 666 253 mvn

123 360 242 411 ‘manse
256 351 365 408 duos
335 370 415 409 arses
426 351 561 410 libertatis
573 353 693 412 tuendae
704 351 854 420 ademistis,
873 349 958 409 ideo
951 371 980 408 nr
989 327 1053 410 libe

125 439 193 489 ‘ros
206 432 316 508 quoque
334 443 442 489 nostros
456 433 641 510 conjugesque
654 452 769 508 regnum
783 443 888 489 vestrae
902 431 1003 488 libidini
1014 431 1060 488 ds·

128 517 210 568 ‘tum
231 523 282 568 est.
324 509 455 569 Saevite
447 531 475 568 in
490 525 634 592 tergum
613 523 642 569 et
654 513 683 568 in
696 511 817 568 cervices
830 523 947 578 nostras,
961 511 1060 586 pudici·

128 591 189 648 ‘tia
201 589 326 648 saltem
318 609 347 646 nu
368 602 429 648 tuto
449 591 494 648 sit.
534 581 653 648 Huic*
632 611 655 647 ιι
669 591 710 646 vis
722 589 861 658 afferetur,
875 609 930 666 ego
943 609 1061 665 praesen·

129 669 221 726 ‘tium
241 669 392 733 Quiritium
411 689 463 745 pro
482 671 592 746 sponsi,
608 669 748 745 Virginius
768 670 884 726 militum
899 689 952 746 pro
970 666 1060 725 ιιιιὶιιι1

129 755 136 782 ‘
151 748 214 817 filiai,
225 768 322 806 omnes
331 748 455 806 Deorum
465 747 663 824 hominumque
671 749 877 824 implorabimus
889 749 984 804 fldem.
1011 747 1062 804 Ne·

127 835 205 902 ‘que
225 840 257 884 tu
275 827 351 886 istud
370 847 492 904 unquam
512 829 654 886 decretum
675 829 734 885 sine
754 830 839 886 caede
852 827 949 884 nostri
961 826 1063 884 referes.

126 914 136 942 “
151 908 275 975 Postulo,
292 907 376 982 Appi,
396 908 480 964 etiam
500 920 583 983 atque
602 908 685 966 etiam
707 907 872 975 consideres,
886 908 946 982 qub
960 923 1062 981 progre-

129 985 235 1044 ιιΙὶιιιι.
275 985 417 1062 Virginius
437 987 545 1054 viderit,
568 987 687 1053 defiliri,
704 987 753 1043 ubi
774 987 887 1050 venerit,
913 985 982 1061 quid
999 996 1062 1060 agat.

128 1073 136 1100 ⁴
151 1065 218 1124 Hoc
231 1065 337 1124 tantdm
351 1065 427 1132 sciat,
443 1066 503 1132 sibi,
517 1068 540 1122 si
553 1063 636 1142 hujus
650 1066 774 1124 vindiciis
792 1065 914 1132 cesserit,
936 1063 1062 1122 conditio·

127 1151 213 1203 ‘nem
233 1145 307 1202 filiae
326 1146 510 1221 quaerendam
530 1145 619 1202 esse²⁴
660 1143 720 1212 Me,
739 1144 926 1202 uindicantem
943 1161 1062 1221 sponsam

128 1231 136 1258 ‘
150 1224 178 1280 in
192 1225 355 1292 libertatern,
370 1225 426 1282 rita
439 1225 520 1282 citius
533 1226 650 1292 deseret,
664 1223 745 1299 quiam
759 1223 844 1280 fides!

167 1301 275 1360 XLVI.
297 1304 442 1362 Concitata
456 1305 604 1361 multitudo
617 1317 695 1370 erat,⁸
706 1316 901 1378 certamenque
915 1302 1016 1359 instare
1028 1301 1062 1357 vi·

121 1381 253 1440 debatur.
293 1381 421 1440 Lictores
439 1381 548 1440 Icilium
570 1384 822 1440 circumsteterant:
849 1403 902 1440 nec
924 1383 995 1439 ultra
1017 1380 1062 1436 mi·

127 1479 177 1518 nas
187 1473 285 1518 tamen
296 1481 455 1537 processum
470 1475 521 1520 est.
561 1462 655 1526 Quum
671 1462 790 1538 Appius,
812 1469 820 1496 ‘
835 1461 901 1520 Non
918 1459 1062 1538 Virginiam

127 1541 262 1598 ‘defendi
280 1539 316 1598 sb
335 1540 423 1608 Icilio,
442 1542 493 1599 sed
513 1541 666 1616 inquietum
687 1541 836 1608 bominem,
856 1553 885 1597 et
899 1540 1062 1598 tribunatum

127 1623 136 1654 ⁴
150 1619 234 1677 etiam
248 1639 322 1678 nunc
335 1619 513 1696 spirassent,
528 1621 618 1678 locum
633 1621 776 1678 seditionis
789 1619 941 1696 quaerere,’
951 1620 1063 1684 diceret3

129 1704 136 1732 ‘
151 1717 206 1756 non
219 1699 406 1775 praebiturum
421 1719 451 1756 se
464 1699 503 1756 illi
517 1720 551 1756 eo
564 1699 610 1757 die
624 1701 784 1758 materiam:
803 1699 853 1756 sed
867 1711 899 1756 ut
908 1699 969 1776 jam
980 1697 1061 1764 sciret,

128 1783 205 1834 ‘non
225 1777 255 1834 id
274 1779 442 1854 petulantiae
456 1799 531 1848 suae,
552 1780 602 1836 sed
616 1779 741 1855 Virginio
755 1779 861 1836 absenti
874 1793 904 1836 et
919 1779 1007 1854 patrio
1019 1795 1061 1834 no·

128 1863 139 1890 ‘·
149 1857 218 1914 mini
235 1869 264 1914 et
276 1858 403 1924 libertati,
424 1859 528 1925 datum,
540 1857 586 1936 jus
598 1878 632 1916 eo
646 1860 692 1916 die
702 1879 734 1916 se
746 1878 802 1914 non
816 1859 970 1926 dicturum,
981 1875 1061 1932 nequa

127 1938 292 1995 ‘decretum
305 1938 530 2014 interpositorum
542 1959 552 1994 r
570 1957 588 1995 a
600 1937 645 1995 M.
659 1938 778 1996 Claudio
794 1938 958 2014 petiturum,
978 1949 1010 1993 ut
1020 1937 1061 1994 de·

127 2021 135 2048 ⁴
149 2017 261 2075 cederet
269 2016 332 2094 jure
346 2037 406 2085 suo,
419 2017 605 2092 vindicarique
618 2018 736 2094 puellam
748 2017 927 2094 inposterum
939 2016 1061 2092 diempa·

126 2101 138 2128 ⁴
150 2107 264 2154 teretur.
304 2098 388 2161 Qudd
402 2097 454 2153 nisi
468 2109 546 2173 pater
559 2109 669 2172 postero
683 2097 728 2154 die
741 2097 881 2160 adfuisset,
901 2095 1061 2152 denunciare
1095 2095 1096 2102 ’

128 2181 180 2232 ‘se
194 2175 273 2233 Icilio
286 2177 474 2251 similibusque
488 2175 568 2241 Icilii,
582 2195 672 2253 neque
685 2175 741 2252 legi
754 2195 820 2232 suae
833 2175 960 2240 latorem,
981 2192 1060 2248 neque

128 2255 308 2312 ‘decemviro
328 2255 509 2318 constantiam
529 2256 638 2312 defore:
662 2275 714 2313 nec
735 2275 764 2312 se
784 2255 880 2329 utique
900 2255 1060 2329 collegarum

127 2333 259 2390 ‘lictores
280 2347 493 2392 convocaturum
519 2335 559 2392 ad
582 2335 747 2392 coercendos
769 2333 912 2392 seditionis
933 2346 1060 2390 auctores.

126 2417 134 2444 ‘
150 2410 319 2469 Contentum
334 2433 364 2469 se
377 2413 434 2468 suis
447 2413 590 2470 lictoribus
602 2412 678 2470 fore!
719 2414 813 2477 Quum
828 2413 945 2470 dilatum
958 2425 1060 2488 tempus

125 2488 241 2567 injuriae
261 2503 343 2559 esset,
364 2493 594 2567 secessissentque
614 2493 740 2550 advocati
753 2493 869 2569 puellae,
890 2491 997 2568 placuit
1009 2509 1060 2547 om-

122 2571 201 2630 nium
222 2570 351 2646 primurn,
372 2571 504 2628 ‘fratrem
519 2571 590 2630 Icilii
603 2572 744 2647 liliumque
760 2571 921 2637 Numitori,
933 2571 1058 2646 impigros

125 2657 136 2684 ‘v
142 2647 269 2724 juvenes,
284 2669 398 2726 pergere
411 2650 476 2709 inde
489 2652 564 2708 recta
576 2651 611 2708 ad
626 2664 741 2728 portem,
756 2663 793 2720 et,
813 2665 947 2726 quantum
962 2649 1059 2707 accole·

126 2737 135 2762 ‘·
147 2728 200 2786 reri
218 2743 320 2823 posset,
335 2731 490 2806 Virgiuinm
507 2731 589 2788 acciri
605 2751 621 2788 e
635 2731 738 2788 castris.
780 2731 812 2788 In
826 2751 861 2787 eo
874 2731 944 2787 verti
958 2728 1058 2806 puellae

125 2808 315 2878 ‘salutem
293 2830 319 2866 ιι
337 2823 448 2886 postero
468 2810 513 2866 die
527 2809 656 2868 vindex
649 2810 763 2887 injuriae
783 2811 818 2868 ad
832 2822 943 2886 tempus
957 2819 1058 2885 praesto

124 2887 237 2945 ‘esset
276 2889 354 2948 ,iussi
371 2901 500 2981 pergunt,
514 2890 659 2964 citatisque
673 2891 751 2965 equis
764 2889 894 2946 nuncium
909 2889 945 2946 ad
960 2901 1057 2964 patrem

123 2967 271 3044 perferunt.
312 2968 435 3032 Quum'
427 2981 541 3026 meteret
561 2983 679 3026 assertor
698 2969 814 3046 puellae,
833 2981 865 3026 ut
882 2964 1057 3033 uindicaret⁴‚

155 3116 260 3176 'Scep
278 3115 333 3172 137,
346 3124 402 3162 note
415 3117 438 3165 7.
513 3113 764 3176 'Condr'tiorrem,&c.
803 3117 866 3165 Tbat
881 3079 913 3164 lie
929 3124 995 3163 must
1007 3111 1057 3162 seelr

121 3183 222 3230 another
233 3181 351 3243 marriage
363 3183 444 3230 forhis
455 3183 580 3246 daughter.
651 3187 661 3214 ¹
681 3189 845 3238 Tribunatum,
855 3185 900 3231 duc.
939 3185 1007 3231 Even
1014 3179 1058 3229 still

121 3249 248 3312 breathing
256 3251 296 3296 the
305 3249 372 3309 spirit
381 3251 410 3297 os
415 3253 455 3298 the
465 3251 621 3313 tribuneship.
690 3253 700 3280 ⁴
712 3259 819 3300 Arsertor
824 3255 925 3314 puellae,
937 3249 1056 3304 Claudius,

121 3327 149 3364 ut
165 3322 299 3367 vindicaret
322 3315 412 3370 lollius
434 3323 569 3368 vindicaret
584 3318 699 3365 vindicias
721 3320 860 3379 postularet.
900 3319 985 3378 Seep.
1006 3317 1055 3370 196,

119 3385 213 3500 petel.
252 3386 284 3434 So
294 3382 383 3444 below,
399 3389 500 3450 Virginis
517 3391 660 3442 uindicatur·
696 3385 807 3484 Virginis
818 3383 1063 3448 vindiciispostulstis.

136 3451 262 3504 mittitur,
313 3466 315 3472 ’
1055 3483 1057 3488 ,
