2232 3862
122 223 162 281 52
510 226 549 285 n.
568 227 670 287 L1v11

122 385 166 466 ret
179 374 247 434 iniri
263 377 373 438 Servius
386 381 458 441 inter
470 403 596 460 proceres
611 385 783 451 Latinorum,
801 404 864 443 enm
878 369 977 460 qnllu·
990 383 1076 461 pub-r

122 453 175 511 hed
195 457 376 535 privatimque
393 461 510 539 hospitia
523 465 709 539 amicitiasque
722 465 757 522 de
771 464 904 522 industriis
911 463 1043 541 junxerat
1057 487 1071 530 ;

124 551 207 610 saepe
222 535 466 612 iterandcxeadem
487 543 607 620 perpulit
626 544 747 612 tandem,
765 556 798 601 ut
820 544 927 600 Romae
946 541 1068 600 ιιιιιιιιιι

123 610 233 671 Dianae
246 612 519 693 populiffiiitinicnm
531 623 634 699 populo
646 623 773 680 Romano
783 623 910 680 lacerent
952 609 1070 679 Eeerat

122 693 266 763 confessio,
277 703 378 773 ‘caput
386 719 477 756 rerum
488 701 605 758 Romam
614 721 674 759 ease
683 701 701 770 ¹,
712 703 811 776 dequo
820 701 903 758 toties
911 701 994 758 armis
1003 719 1072 758 cer-

120 782 211 828 tatum
227 773 324 834 lueret.
364 777 398 835 Id
416 798 570 854 quanquam
591 781 721 838 omissum
731 779 789 856 jam
803 800 839 838 ex
852 779 976 838 omniurn
996 779 1073 836 οιιιῦ,

122 847 296 921 Latinorum,
318 856 353 912 ob
372 875 430 913 rem
445 859 528 916 toties
541 859 685 917 infeliciter
697 871 830 917 tentatam
844 858 935 922 armis.
949 857 1067 916 videbe·

121 939 184 996 tun
205 933 254 989 uui
273 953 303 991 se
319 954 355 992 ex
370 934 477 994 Sabinis
490 938 546 995 sors
559 939 624 996 dare
637 939 695 996 risa
708 951 750 995 est
763 938 870 1014 privato
883 937 997 998 coneilio
1010 935 1068 994 im-

122 1009 191 1083 perii
200 1013 379 1089 recuperandi
389 1014 409 1070 ².
452 1017 544 1073 Bosin
555 1017 664 1075 Sabinis
673 1029 737 1074 nata
747 1017 855 1076 cuidam
864 1013 1068 1092 patrifamiliae

123 1087 232 1158 dicitur,
255 1092 379 1150 mirandi
401 1095 589 1170 magnitudine
607 1115 640 1154 no
656 1097 757 1173 specie.
797 1095 866 1153 Fixa
889 1114 940 1171 per
961 1094 1068 1152 multas

121 1180 226 1227 aetates
246 1190 349 1229 cornua
367 1172 545 1232 investibulo
565 1176 661 1252 templi
679 1175 787 1232 Dianae
806 1185 1017 1232 monumentum
1040 1173 1071 1232 ei

121 1245 199 1306 fuere
208 1250 348 1308 miraculo.
389 1252 502 1322 Habita,
514 1267 545 1311 ut
553 1268 611 1312 erat
619 1253 640 1322 ³,
652 1274 696 1312 res
706 1254 823 1330 prodigii
833 1254 895 1311 loeo
905 1264 965 1310 est:
979 1264 1008 1310 et
1017 1271 1067 1309 ce·

123 1325 215 1385 cinere
224 1341 299 1386 retes
308 1328 330 1398 ⁴,
346 1338 353 1365 ⁶
364 1331 443 1408 cujus
448 1333 566 1390 civitatis
574 1353 634 1390 eam
644 1334 711 1391 civis
721 1333 827 1390 Dianae
837 1331 1016 1398 immolasset,
1027 1331 1069 1388 ihi

124 1409 132 1437 ‘
146 1405 204 1463 fore
214 1406 358 1483 imperium
370 1408 385 1476 ς’
405 1410 488 1486 idque
501 1431 611 1470 carmen
625 1412 828 1488 pervenemtad
842 1410 994 1469 antistitem
1007 1410 1076 1472 fani.

124 1481 242 1542 Dianae.
284 1485 410 1555 Sabinus,
427 1502 460 1546 ut
478 1491 568 1567 prima
580 1503 644 1567 apta
657 1492 716 1548 dies
729 1491 863 1548 eaorilicio
876 1489 936 1548 visa
948 1500 999 1557 eat,
1014 1489 1076 1545 bo-.

124 1579 187 1618 vem
205 1565 321 1622 Romam
341 1579 431 1626 οοιιιιιι
451 1570 565 1628 deducit
581 1572 617 1628 ad
630 1570 723 1627 lenum
738 1569 855 1636 Dianae,
870 1580 899 1626 et
911 1580 975 1626 ante
988 1584 1070 1626 eram

124 1641 230 1701 statuit.
256 1643 313 1704 ,Ibi
332 1647 446 1704 antistes
467 1649 618 1718 Romanus,
638 1641 724 1724 ouum
747 1667 811 1706 eum
831 1647 993 1724 magnitudo
1007 1647 1074 1704 vie-t

122 1718 208 1780 timae
227 1723 364 1782 celebrata
375 1727 449 1784 lamis
461 1729 600 1797 movisset,
621 1747 727 1786 memor
742 1727 865 1802 responsi
881 1726 1012 1786 Sabinum
1028 1726 1069 1782 ita

123 1797 288 1875 alloquitur:
309 1805 471 1868 ‘Quidnam
491 1819 532 1876 tu,
552 1807 661 1884 hospes,
680 1806 792 1884 parasl’
813 1806 912 1881 inquit,
932 1805 1068 1862 ‘inceste

123 1881 310 1940 'eucrifieium
328 1882 436 1942 Dianae
449 1885 561 1944 facere?
583 1887 658 1950 Quin
678 1899 710 1944 ιιι
731 1887 794 1943 enta
814 1885 877 1942 viro
893 1882 1070 1962 perfunderis

125 1961 134 1992 ‘
148 1957 307 2021 flumine⁵?
329 1963 423 2022 infimi
435 1965 505 2024 valle
515 1966 641 2041 praefluit
655 1963 779 2022 Tiberis!
821 1963 1070 2039 Religionetaotna

123 2032 233 2115 hospes,
253 2041 302 2117 qui
314 2043 415 2111 omnin,
435 2056 468 2102 ut
485 2046 610 2121 prodigio
622 2045 801 2122 responderet
813 2055 937 2110 eventus,
951 2053 1072 2118 cuperet

124 2116 178 2176 ritd
191 2120 271 2189 factm
293 2141 328 2178 ex
344 2123 448 2198 templo
461 2125 604 2182 descendit
616 2125 652 2181 ad
666 2123 797 2180 Tiberim.
837 2123 947 2180 interea
961 2121 1070 2179 Roma·

123 2214 178 2254 nus
197 2199 321 2258 immolat
338 2199 448 2260 Dianae
460 2203 568 2260 bovem.
607 2201 642 2260 Id
655 2203 724 2259 mire
737 2213 845 2277 gratum
858 2200 918 2276 regi
930 2211 1014 2275 atque
1028 2199 1070 2258 ci·

122 2275 201 2334 vitati
213 2278 274 2335 fuit.

164 2355 272 2414 XLVI.
292 2357 412 2427 Servius,
424 2378 579 2436 quenquam
592 2359 651 2436 jam
664 2379 717 2418 usu
730 2359 804 2418 haud
818 2357 934 2418 dubium
947 2377 1069 2434 regnum

123 2435 291 2512 possederat,
304 2448 406 2506 tamen,
421 2441 485 2513 quie
497 2441 634 2497 interdurn
643 2439 742 2517 jactari
756 2459 836 2497 voces
849 2458 866 2496 a
877 2438 980 2515 jurene
995 2437 1068 2496 Ter-

123 2514 369 2672 ttltlttltltl
390 2515 1069 2674 2330lltzttllltitttltllltlllll

370 2637 378 2664 9
952 2636 959 2662 l

124 2685 168 2732 eat
176 2675 247 2732 ferre
260 2676 295 2732 ad
305 2675 449 2752 populum,
464 2684 471 2711 ⁶
482 2677 592 2746 vellent,
600 2676 776 2754 juberentne,
786 2697 816 2734 se
829 2695 941 2751 regnare
952 2674 975 2732 i’
990 2674 1069 2732 Tonss

124 2764 209 2830 toque
223 2773 366 2823 consensu,
381 2767 484 2832 quanto
492 2754 566 2814 haud
577 2758 720 2832 quisquam
731 2757 800 2814 alius
813 2757 884 2824 aute,
899 2773 948 2812 rex
961 2765 1005 2811 est
1018 2755 1070 2811 de·

159 2867 169 2914 ¹1
187 2867 213 2916 it
223 2882 271 2916 rrae
282 2867 345 2916 built
356 2882 388 2914 ou
400 2868 441 2917 the
456 2861 579 2918 Arentine'
590 2868 652 2917 Hill.
726 2864 736 2892 ⁸
753 2871 808 2922 Uni,
821 2870 863 2931 ᾀο.
902 2866 961 2913 Fors
970 2863 1070 2926 imperii

122 2935 280 2998 recuperandi
290 2934 383 2996 privato
394 2935 494 2984 oonsilio
505 2936 555 2983 visa
566 2946 601 2984 est
612 2935 668 2984 dare
679 2950 705 2982 se
715 2934 758 2981 uni
770 2949 798 2980 er
814 2931 914 2982 Sabinis.
1004 2931 1027 3001 ⁸·
1037 2935 1071 2982 Ut

124 3014 182 3053 erat.
221 3003 260 3064 By
271 3005 337 3050 these
348 3004 426 3052 words
445 3003 507 3066 Livy
519 3004 634 3053 indicates
650 3020 665 3050 ιι
681 3001 756 3049 belief
770 3001 794 3047 in
807 3000 854 3048 this
864 2997 975 3061 prodigy,
987 3014 1070 3046 some·

125 3073 190 3118 what
200 3077 225 3118 at
235 3070 344 3118 rariance
356 3070 413 3118 with
425 3071 462 3119 his
472 3087 585 3119 common
596 3071 699 3133 practice
710 3070 739 3117 oi'
746 3068 870 3130 narrating
877 3068 935 3114 such
947 3066 1070 3114 incidente

125 3138 228 3186 without
238 3153 284 3200 any
296 3148 425 3186 comment.
495 3139 630 3190 ⁴Ceer‘nere
640 3150 710 3188 untes.
749 3138 773 3185 lt
782 3136 803 3184 is
813 3134 897 3197 hardly
909 3142 1071 3195 necessaryto

126 3206 222 3255 remind
238 3207 279 3252 the
296 3203 385 3261 render,
396 3207 447 3252 that
458 3221 549 3264 ronne,
561 3219 624 3256 votes
632 3206 679 3253 and
688 3222 793 3263 carmen,
805 3219 845 3251 are
856 3201 951 3267 applied
966 3200 1030 3248 aliine
1040 3210 1068 3248 to

127 3274 226 3338 ainging
239 3273 287 3320 arrd
300 3271 468 3334 prophesying,
485 3282 511 3319 to
528 3284 584 3334 poet
599 3273 647 3320 aud
664 3273 744 3333 priest‚
762 3282 787 3318 to
805 3286 866 3334 song
877 3270 924 3318 and
936 3269 1066 3331 prophecy.

125 3343 194 3391 Ench
206 3339 272 3388 word
289 3339 310 3386 is
326 3340 382 3386 here
392 3337 518 3402 employed
530 3341 555 3388 in
567 3341 598 3388 its
609 3340 695 3388 second
708 3339 828 3402 meaning.
911 3339 921 3367 ⁵
939 3340 1009 3392 Quin,
1022 3337 1067 3400 ᾀτ.

126 3411 192 3472 Why
203 3407 236 3458 do
252 3421 300 3469 you
317 3415 361 3452 not
372 3404 423 3452 first
434 3409 498 3454 warh
510 3408 620 3469 yourself
634 3408 659 3456 in
671 3407 778 3471 running
791 3406 883 3456 water?
903 3402 1070 3460 Perfundrris,

121 3481 222 3542 protatur,
234 3472 292 3524 used
305 3487 330 3520 rs
341 3487 356 3519 a
367 3475 452 3523 middle
464 3476 529 3525 verb.
