2232 3862
99 233 120 290 s
489 205 643 291 nervii

97 411 149 450 nec
163 390 229 448 vitia
240 401 340 460 nostra,
361 409 412 448 nec
424 391 546 449 remedia
557 391 614 468 pati
632 409 785 467 possumus,
803 401 964 466 perventum
978 403 1034 451 est.

99 469 166 528 Hoc
178 471 245 528 illud
258 483 301 528 est
312 471 458 547 praecipue
471 471 498 528 in
513 469 668 546 cognitione
681 489 772 527 rerum
785 469 894 527 salubre
903 489 935 529 ae
944 471 1031 547 frugi-

100 551 197 619 ferum,
211 552 300 608 omnis
313 564 341 607 te
354 550 472 626 exempli
485 550 650 608 documenta
662 548 690 605 in
710 547 808 606 illustri
825 549 914 626 posita
932 567 1033 608 monu-
1108 588 1110 590 v

99 642 194 688 mento
212 629 330 696 intueri3
351 629 415 687 inde
432 629 482 686 tibi
501 641 619 704 tuaeque
632 627 804 705 reipublicae,
825 628 898 703 quod
911 627 1031 698 imitere,

101 709 207 784 capias:
224 709 288 766 inde
297 709 407 766 foedum
418 708 538 785 inceptu,
551 708 662 766 foedum
674 707 757 774 exitu,
771 708 845 782 quod
855 707 933 765 ritae.
960 707 1033 766 Cae
1107 742 1113 750 ·

100 789 189 846 terrim
203 799 250 845 aut
263 808 308 845 ma
321 807 397 845 arnor
409 787 514 863 negotii
531 787 651 863 suscepti
668 787 745 853 fallit,
762 799 811 843 aut
823 786 897 843 nulla
909 805 1034 862 uuquam
1111 810 1114 818 ·

100 867 252 944 respublica
265 887 316 924 nec
330 865 423 942 major,
437 886 489 924 nec
501 865 627 932 sanctior,
647 885 698 922 nec
711 864 790 922 bonis
803 865 935 941 exemplis
948 866 1037 924 ditior
1104 881 1113 913 '-

100 947 169 1004 fuit:
186 965 236 1004 nec
249 946 279 1003 in
290 965 371 1020 quam
385 945 522 1004 civitatem
534 957 590 1002 tam
601 964 677 1002 serae
687 943 798 1002 avaritia
808 945 969 1020 luxuriaque
979 945 1033 1002 im·
1104 973 1107 980 ¹

101 1025 292 1101 migraverint:
311 1043 362 1081 nec
375 1024 423 1080 ubi
436 1037 527 1082 tantus
543 1044 576 1082 ac
595 1036 652 1081 tam
670 1023 718 1080 diu
735 1023 889 1100 paupertati
901 1042 933 1080 ac
945 1025 1036 1100 parsi·
1105 1041 1112 1049 ·

99 1104 208 1162 moniae
218 1104 305 1162 bonos
313 1103 404 1162 fuerit.
431 1103 522 1171 Adeb,
533 1116 637 1178 quanto
645 1121 735 1160 rerum
746 1102 844 1170 minus,
853 1113 930 1160 tento
940 1104 1036 1160 minus

100 1183 258 1260 cupiditatis
270 1195 337 1241 erat.
370 1183 467 1258 Nuper
479 1182 590 1240 diritius
603 1181 750 1248 avaritiam,
765 1193 794 1238 et
802 1181 970 1240 abundantes
983 1201 1036 1240 vo·

100 1263 219 1338 luptates
232 1261 406 1327 desiderium,
420 1261 574 1336 perluxum
584 1273 666 1336 atque
675 1260 814 1317 libidinem
824 1260 957 1336 pereundi
969 1279 1036 1336 per-
1109 1284 1115 1314 ·,

100 1341 237 1415 dandique
247 1340 345 1406 omnia,
356 1340 493 1398 invexere.
518 1341 574 1398 Sed
584 1339 718 1416 querelae,
731 1358 767 1396 ne
780 1351 840 1396 tam
850 1339 959 1414 quidem
970 1359 1036 1414 gra-

99 1433 144 1477 tae
157 1421 273 1487 fnturae,
284 1439 368 1494 quum
382 1419 493 1480 forsitan
504 1431 532 1476 et
542 1418 710 1477 necessariae
718 1429 806 1485 erunt,
818 1417 853 1475 ab
866 1417 944 1475 initio
957 1421 1037 1476 certe

100 1510 193 1556 tantae
207 1498 353 1556 ordiendae
366 1498 405 1556 rei
419 1499 516 1555 absint.
543 1499 618 1556 Cum
630 1497 710 1554 bouis
720 1497 811 1573 potiris
824 1496 968 1564 ominibus,
984 1517 1038 1554 vo-

100 1579 191 1653 tisque
210 1597 243 1635 ac
261 1574 463 1653 precationibus
480 1577 604 1634 Deorum
623 1576 811 1651 Dearurnque,
831 1576 863 1643 si,
883 1588 915 1633 ut
933 1576 1037 1652 poetis,

100 1657 179 1714 nobis
192 1658 301 1733 quoque
314 1676 374 1714 mos
387 1667 468 1723 esset,
488 1656 615 1712 libentius
628 1655 818 1733 inciperemus,
838 1666 871 1713 ut
882 1654 950 1713 orsis
962 1655 1039 1714 tenti
1113 1713 1114 1716 ,

100 1737 189 1813 operis
203 1755 344 1795 successus
357 1753 503 1813 prosperus
514 1735 620 1794 darent.

141 1899 166 1956 l.
181 1897 201 1958 J
203 1916 246 1956 eru
260 1899 379 1976 primum
392 1898 516 1956 omniurn
528 1897 594 1956 satia
607 1908 722 1966 emetat,
743 1897 825 1974 'stojai
838 1896 926 1973 capti,
943 1895 972 1952 in
986 1913 1041 1954 ue·
1114 1927 1115 1930 ¹

66 1980 69 1990 ’
100 1989 173 2035 teros
187 1979 320 2036 saevitum
334 1997 395 2035 esse
408 1978 434 2034 Τ
434 1977 557 2054 rojanos;
573 1977 689 2043 duobus,
705 1977 819 2032 Aeneae
831 1975 1039 2048 Antenorique,

100 2069 129 2114 et
142 2052 244 2114 'vetusti
258 2056 322 2132 jure
335 2055 454 2132 hospitii,
474 2069 503 2114 et
520 2055 585 2131 quia
597 2055 673 2130 pacis
685 2054 893 2129 reddendaeque
907 2053 1039 2113 Helenae

99 2155 207 2212 semper
220 2148 345 2194 auctores
358 2136 473 2203 inerant,
491 2155 572 2192 omne
587 2133 635 2210 jus
647 2133 712 2191 belli
727 2131 849 2190 Achivos
860 2131 1040 2190 abstinuisse.

100 2215 218 2272 Casibus
230 2215 331 2272 deinde
342 2213 423 2271 variis
434 2215 604 2270 Antenorem
616 2233 678 2270 cum
692 2210 867 2270 multitudine
879 2209 1038 2276 Henetiam,
1114 2265 1115 2272 ,

102 2293 148 2368 qui
162 2293 296 2350 seditione
310 2313 344 2350 ex
359 2291 544 2368 Paphlagonia
557 2291 638 2368 pulsi,
659 2304 687 2350 et
705 2292 786 2349 sedes
797 2301 826 2347 ct
839 2289 947 2356 ducem,
967 2307 1039 2364 rege

100 2371 266 2448 Pylaemene
276 2372 311 2428 ad
320 2369 430 2447 Trojam
441 2371 549 2438 amisso,
564 2372 740 2446 quaerebant,
749 2369 855 2428 venisse
865 2364 894 2424 in
903 2367 1037 2425 intimum

99 2451 181 2508 maris
194 2449 350 2508 Hadriatici
363 2451 469 2514 sinuum
487 2449 687 2525 Euganeisque,
699 2449 745 2526 qui
758 2451 830 2506 inter
845 2466 919 2505 mare
930 2446 1037 2522 Alpes-

99 2549 153 2604 que
166 2529 329 2596 incolebant,
342 2529 434 2604 pulsis‚
450 2528 577 2586 Henetus
588 2528 774 2606 Trojanosque
784 2547 830 2586 eas
843 2526 964 2585 tenuisse
978 2537 1038 2583 tur·

98 2629 158 2666 ras:
179 2620 207 2666 et
220 2609 248 2665 in
262 2628 344 2683 qoem
359 2607 476 2682 primum
492 2607 594 2682 egressi
611 2620 675 2666 sunt
693 2609 792 2676 locum,
807 2606 891 2683 Trcja
902 2617 1038 2672 vocatur;

99 2707 224 2765 pagoque
238 2688 301 2744 inde
317 2685 435 2762 Trojano
449 2705 549 2744 nomen
562 2699 622 2745 est:
641 2707 707 2763 gens
725 2687 852 2744 universa
866 2685 966 2744 Veneti
985 2703 1038 2761 ap·
1113 2751 1114 2758 ἵ

99 2769 201 2843 pelleti.
230 2768 354 2834 Aenean,
368 2767 402 2822 ab
415 2765 496 2822 simili
510 2767 586 2824 clade
600 2767 682 2824 domo
696 2767 851 2843 profugum,
865 2765 913 2822 sed
927 2765 962 2822 ad
975 2781 1038 2822 ma·

95 2847 157 2924 jora
170 2845 349 2904 initiatarum
364 2845 527 2902 ducentibus
539 2845 602 2903 fatis
612 2845 630 2913 ²,
644 2846 732 2922 primu
742 2847 770 2902 in
780 2843 973 2904 Macedoniam
986 2863 1037 2900 ve·

99 2927 188 2983 nisse:
207 2926 269 2982 inde
280 2925 308 2980 in
320 2923 438 2981 Siciliam
449 2937 624 2999 quaerentem
633 2926 713 2982 sedes
722 2925 843 2982 deletum
854 2944 862 2980 t
875 2924 910 2980 ab
921 2921 1038 2988 sicilie,

100 3006 186 3064 classe
196 3003 363 3061 laurentem
376 3023 471 3078 agrum
481 3004 618 3061 tenuisse:
638 3003 737 3080 Trojae
750 3015 779 3060 et
789 3002 854 3060 buic
863 3002 923 3060 loco
933 3019 1036 3058 nomen

100 3097 150 3141 est.
191 3083 234 3141 lbi
245 3082 347 3158 egressi
361 3081 479 3159 ijani,
494 3095 527 3139 ut
539 3083 637 3158 quibus
650 3084 685 3140 ab
698 3083 832 3140 immenso
846 3100 931 3158 prope
944 3099 1037 3137 errore

99 3161 174 3232 nibil,
194 3175 302 3239 praeter
321 3181 396 3218 arma
415 3173 443 3218 et
462 3180 554 3228 naves,
575 3173 737 3236 superesset,
759 3179 844 3236 quum
858 3157 1037 3236 praedaru‘ex

99 3243 170 3318 agris
184 3252 303 3318 agerent,
325 3239 440 3297 Latinus
460 3260 509 3298 rex
523 3239 753 3316 Aborigidesque,
775 3240 823 3314 qui
841 3252 901 3296 tum
914 3258 947 3298 ea
960 3250 1035 3297 tene·
1112 3251 1113 3262 ¹

134 3371 141 3399 ¹
154 3375 195 3420 Ad
202 3372 299 3432 majora,
311 3369 353 3431 ξε.
389 3366 441 3415 Tbe
454 3367 525 3416 Fates
541 3366 691 3431 donducting
703 3367 754 3415 bim
770 3376 795 3414 to
805 3365 884 3415 round
895 3381 927 3415 an
945 3370 1037 3432 empire

102 3449 196 3503 greater
206 3439 269 3485 from
280 3437 311 3482 its
323 3448 380 3496 very
391 3435 477 3496 origin.
557 3435 567 3463 '
586 3435 638 3482 Tne
649 3433 802 3496 wanderinge
814 3435 844 3482 ol‘
859 3435 963 3493 Aeneas,
976 3437 1039 3486 ester

101 3509 197 3568 leaving
209 3505 290 3567 Sicily,
302 3501 425 3549 described
437 3505 469 3565 by
479 3501 568 3566 virgil,
580 3503 606 3550 in
615 3504 656 3551 tbe
668 3501 733 3568 early
744 3503 821 3552 books
833 3503 862 3550 of
875 3504 917 3552 the
931 3505 1037 3566 Aeneid,

102 3590 142 3622 are
154 3571 280 3638 neglected
291 3570 317 3616 in
329 3567 377 3618 thia
387 3584 518 3634 sttmmmy.
