2224 3862
119 239 177 295 206
512 231 547 293 Τ.
567 233 668 292 LlVlI

120 373 274 470 ‘rivosque
293 393 350 469 igni
366 392 595 450 concrematuros'
616 393 797 451 minabantur.
837 393 938 472 Legati
955 397 987 454 ud
1002 405 1048 456 eat

126 484 133 511 ‘
148 477 228 538 Quae
242 473 368 530 eonsilii¹
388 473 509 540 fuerunt,
524 473 593 530 udeb
607 493 694 547 aequa
707 472 876 548 postulistis,
890 487 924 532 ut
936 476 1053 534 ultrum·
1097 525 1098 540 ,

125 554 190 612 ‘bis
207 553 356 610 deferenda
374 551 485 608 fuerint.
524 549 660 609 Liberteti
680 553 753 610 euim
768 573 801 610 ea
813 555 950 629 praesidia
963 557 1055 632 petitis,

127 643 204 690 ‘non
218 633 344 688 licentiae
357 631 392 688 ed
406 632 607 706 impugnandos
621 631 696 688 alius.
736 633 797 690 lrae
811 646 918 690 vestroe
930 635 1055 710 magisig·

127 713 327 777 ‘noscendum
347 708 431 786 quim
451 710 650 784 indulgendum
669 723 720 768 est
761 711 872 788 Quippe
886 713 936 788 qui
948 715 1056 770 crudeli·

126 793 213 850 ‘tatis
233 793 298 848 odio
317 791 345 846 in
365 789 557 846 crudelitatem
575 789 663 856 ruitis,
683 803 712 847 et
731 791 807 866 prius
824 794 904 868 pene,
919 791 1000 866 quiam
1012 793 1057 868 ipsi

126 883 134 910 ⁴
148 872 227 929 liberi
241 872 309 936 sitis,
318 870 453 926 dominari
460 867 518 943 jam
531 869 558 926 in
569 870 839 928 adversariosvultis.
880 870 1056 946 Nunquamne

126 952 273 1027 ‘quiescet
292 949 388 1006 civitas
408 961 501 1004 nostra
520 949 699 1024 asuppliciis‚
720 961 770 1006 aut
787 950 901 1006 Patruus
916 951 945 1006 in
958 950 1056 1026 plebem

126 1039 134 1066 ‘
149 1031 312 1095 Romanam,
333 1041 381 1084 eut
398 1027 486 1105 plebis
499 1028 527 1084 in
542 1028 660 1084 Patres?
683 1027 769 1086 Scuto
782 1028 860 1086 robis
873 1029 971 1104 ungis,
985 1028 1056 1104 quim
1097 1067 1098 1076 t

126 1120 134 1147 ⁴
148 1111 248 1184 gladio,
269 1128 339 1184 opus
358 1120 409 1164 est.
452 1107 525 1163 Satis
543 1126 681 1182 superque
697 1105 806 1164 humilis
820 1121 871 1176 eat,
887 1109 937 1182 qni
945 1108 1007 1185 jure
1019 1129 1057 1165 ue-

126 1199 134 1226 ‘
148 1209 204 1263 quo
224 1189 252 1244 in
273 1187 383 1244 civitate
397 1185 473 1254 vivit,
493 1205 545 1242 uec
559 1187 700 1244 inferendo
712 1186 848 1262 injuriam,
862 1207 916 1244 uec
930 1187 1057 1262 patiendo.
1097 1225 1098 1230 κ

126 1275 134 1304 ‘
150 1268 252 1334 Etiam,
267 1267 413 1341 siquando
429 1266 590 1322 metuendos
604 1285 653 1322 vos
667 1266 816 1341 praebituri
828 1267 904 1333 estis,
919 1286 1012 1341 quum,
1021 1286 1057 1324 m·
1097 1279 1098 1284 ’

126 1355 135 1383 ‘
149 1347 286 1422 cuperetis
300 1344 502 1418 magistratibus
516 1345 676 1420 legibusque
689 1345 795 1412 vestris,
805 1344 915 1421 judicia
928 1365 1057 1422 peuesros

127 1435 135 1462 ‘
149 1437 230 1482 erunt
244 1426 278 1482 de
292 1425 382 1500 capite
395 1436 490 1480 nostro
503 1424 693 1498 fortunisque;
712 1437 789 1490 tunc,
801 1437 833 1481 ut
847 1444 974 1500 quuequo
986 1443 1058 1482 causa

127 1505 210 1570 ‘erit
223 1503 359 1561 statuetis.
401 1502 484 1560 Nunc
497 1503 651 1560 libertatem
665 1503 831 1578 repensatis
844 1503 906 1560 est!
1097 1555 1098 1560 ,

166 1583 244 1640 LlV.
265 1583 407 1647 Facerent,
424 1593 457 1638 nt
476 1582 585 1648 vellent,
603 1583 825 1657 permittentibus
844 1581 963 1649 cunctis,
982 1589 1058 1638 ‘mox
1097 1579 1098 1618 ἶ

126 1671 134 1696 ‘
148 1663 285 1719 redituros
296 1661 333 1717 se’
343 1660 425 1735 legati
435 1662 534 1726 frabus
542 1661 678 1737 perlectis’
687 1661 831 1720 affirment.
853 1662 977 1720 Profecti
984 1681 1058 1736 quum
1097 1689 1098 1730 i

127 1743 256 1798 mandate
276 1740 363 1816 plebis
385 1741 512 1796 Patribus
525 1741 727 1815 exposuissent,
748 1741 795 1798 alii
807 1742 969 1807 decemviri,
984 1759 1058 1816 quun·

126 1821 275 1896 ‹loquidem
297 1831 405 1894 praeter
424 1838 500 1894 spem
521 1819 643 1896 ipsorum
664 1819 791 1894 supplicii
811 1820 854 1876 sui
874 1821 953 1878 nullu
966 1819 1058 1877 mentio

126 1902 213 1966 fieret,
228 1899 302 1956 baud
314 1899 461 1974 quicquam
475 1899 603 1956 abnuere.
644 1899 765 1974 Appius,
779 1900 850 1956 truci
864 1899 979 1974 ingenie
989 1912 1016 1956 et
1025 1899 1058 1954 in·
1097 1923 1098 1974 3

126 1980 200 2036 vidit
212 1979 367 2056 praecipui,
383 1979 476 2034 odium
490 1977 520 2034 iu
532 1998 562 2034 se
575 1978 691 2034 aliorum
704 1997 756 2034 suo
769 1977 798 2034 iu
811 1999 858 2036 eos
869 1980 988 2036 metiens
995 1977 1059 2044 odio,
1097 1977 1098 2032 l

125 2059 234 2116 ‘Haud
255 2055 389 2134 ignaro²‚'
410 2057 507 2132 iuquit,
530 2065 538 2092 ‘
558 2057 684 2114 imminet
702 2057 820 2126 fortuna.
860 2057 963 2128 Video,
983 2059 1059 2115 donee
1097 2047 1098 2136 l

128 2146 226 2196 ‘arma
245 2137 406 2194 aduersariis
426 2137 576 2203 trudantur,
594 2135 697 2192 differri
712 2137 843 2194 adversus
855 2157 908 2194 nos
920 2149 1059 2195 certamen.
1097 2149 1098 2206 l

126 2218 269 2274 ‘Dundus
284 2217 401 2272 invidiae
415 2229 457 2273 est
471 2217 592 2292 sanguis.
628 2213 705 2272 Nihil
727 2235 762 2274 ue
775 2236 828 2292 ego
841 2217 956 2290 quidem
970 2234 1058 2279 moror,
1097 2231 1098 2288 j

127 2304 206 2370 ‘quo
226 2297 317 2351 minus
336 2296 522 2352 decemviratu
538 2295 651 2352 abeam!
693 2294 809 2352 Factum
829 2295 943 2352 senatuis
963 2293 1058 2352 cousul-
1097 2309 1098 2368 J

128 2388 197 2440 tum,
223 2375 288 2432 ‘Ut
304 2375 452 2430 decemviri
472 2395 502 2431 se
522 2375 611 2451 primo
634 2393 745 2450 quoquo
764 2387 888 2450 tempore
909 2375 1059 2450 magistratu
1097 2379 1098 2408 r

129 2454 317 2510 ‘euticetem
356 2453 392 2516 Q.
410 2453 509 2510 Furius
531 2455 655 2529 pontifex
675 2453 811 2510 monimus
831 2455 957 2510 tribunos
983 2451 1059 2528 plebis
1097 2471 1098 2518 ι

128 2540 136 2568 ⁶
151 2544 265 2599 crearet,
283 2544 311 2588 et
330 2551 367 2588 ne
386 2532 431 2588 eui
450 2533 539 2590 fraudi
559 2545 632 2590 esset
645 2533 763 2589 secessio
776 2532 894 2589 militum
909 2528 1057 2608 plebisque!
1097 2533 1098 2588 l

130 2613 186 2668 llis
211 2611 322 2669 senatis
345 2612 477 2668 cmrsultis
499 2613 636 2688 perlectis,
660 2611 774 2668 dimisso
795 2624 901 2677 senatu,
921 2609 1059 2670 decemviri
1097 2611 1098 2686 l

128 2691 313 2766 prodeuntia
333 2691 502 2757 concionem,
524 2693 705 2765 abdicentque
724 2711 756 2748 se
775 2691 946 2766 magistratu,
967 2688 1059 2765 ingenti

128 2769 270 2827 hominum
292 2771 403 2828 laetititi.
442 2770 615 2827 Nuneiantur
634 2769 702 2827 baec
720 2770 803 2844 plebi.
842 2769 975 2844 Legatos,
994 2769 1059 2844 quic·
1097 2813 1098 2844 ,

129 2849 196 2924 quid
216 2851 244 2905 in
261 2851 329 2908 urbe
349 2849 491 2906 hominum
505 2861 654 2926 supererat,
664 2849 845 2925 prosequitur.
886 2849 966 2906 Huic
978 2847 1058 2905 multi·

130 2929 221 2984 tudini
244 2930 315 2986 laete
333 2930 387 2986 olio
405 2931 486 2986 turba
505 2949 541 2986 ex
561 2929 656 2987 cestris
670 2929 796 2986 occurrit.
837 2927 1059 3002 Congretulantur
1097 2969 1098 2998 ,

130 3007 283 3066 libertatern
305 3009 534 3082 concordiamque
560 3008 664 3066 civitati
689 3007 853 3064 restitutam.
893 3005 993 3082 Legati
1018 3023 1058 3080 pto
1097 3015 1098 3072 l

131 3088 281 3144 concinne:
303 3095 310 3121 ‘
325 3089 409 3152 Quod
423 3089 534 3154 bonum,
548 3089 678 3152 faustum,
694 3086 816 3160 felixque
829 3085 865 3142 sit
874 3087 961 3152 vebis,
975 3085 1057 3158 reique
1097 3073 1098 3150 l

132 3173 139 3200 ‘
154 3168 289 3242 publicae,
303 3167 391 3224 redite
406 3168 433 3222 in
448 3168 563 3242 patriam
577 3168 611 3223 ud
627 3177 748 3240 penates,
762 3164 903 3241 coniuges,
917 3165 1058 3237 liberosque

132 3253 274 3302 ‘restruet
295 3247 353 3310 sed,
368 3247 423 3320 qui
439 3244 482 3301 hic
503 3245 639 3302 modestiri
658 3244 755 3310 fuistis,
777 3245 825 3300 nbi
844 3244 946 3300 nullius
963 3241 1059 3319 egerin
1097 3269 1098 3308 3

132 3331 197 3380 ‘tot
220 3343 310 3380 rerum
332 3343 385 3379 usu
407 3325 560 3381 necessario
581 3336 672 3380 tentae
694 3323 864 3380 multitudini
884 3335 927 3380 est
944 3323 1059 3384 violatus,
1097 3317 1098 3384 l

133 3410 216 3459 ‘eam
234 3403 396 3458 modestiam
417 3403 486 3458 ferte
504 3404 532 3459 in
553 3404 659 3460 urbem.
693 3401 727 3458 In
742 3403 914 3460 Aventinum
929 3403 975 3472 ite,
995 3401 1059 3459 uude
1097 3429 1098 3464 1

166 3533 172 3560 ¹
192 3538 296 3588 Consilii,
308 3532 413 3592 opposed
424 3543 449 3582 to
460 3539 510 3584 irae
521 3534 547 3582 iu
558 3536 598 3581 the
609 3532 696 3584 second
708 3543 819 3584 sentence
831 3533 915 3584 below.
1008 3531 1061 3594 'sg-

130 3615 197 3656 nuro,
209 3601 295 3662 supply
307 3605 371 3650 milri·
1097 3599 1098 3662 l
