2224 3862
431 237 555 302 LIBER
576 237 627 301 lv.
945 246 1002 303 229

68 401 144 458 ‘uem
158 398 243 476 ergn¹
258 400 314 457 non
329 399 396 468 fieri,
411 419 463 459 nec
474 399 605 469 futuram,
616 401 713 469 donec,
724 400 807 476 quiam
820 401 915 461 felices
929 404 1001 461 sedi-

66 479 173 548 ‘donea
201 491 261 536 tam
282 478 409 538 honorati
429 481 596 538 seditionum
622 492 750 538 auctores
771 492 871 538 essent.
920 483 998 546 Quas

62 565 68 591 ‘
81 569 246 634 quantasque
255 579 301 615 res
310 558 344 616 C.
354 558 520 617 Canuleium
530 560 712 636 aggressum?
734 561 915 619 colluvionem
929 583 996 638 gen·

61 639 150 704 ‘tium
171 637 411 714 perturbationem
431 639 615 715 auspiciorum
630 639 801 714 publicorum
814 641 997 716 privatorum·

11 719 12 722 ’
61 723 125 790 ‘que
137 717 249 785 afferre,
270 717 385 792 nequid
399 718 505 786 sinceri,
526 737 562 776 ne
576 719 643 792 quid
656 719 863 776 incontaminati
879 721 933 777 sit:
954 735 995 789 ut,

60 795 233 854 ‘discrimine
246 796 323 852 omui
336 797 451 864 sublato,
463 817 514 854 nec
528 817 558 854 se
570 797 724 872 quisquam,
739 815 791 854 nec
804 817 869 854 suos
879 801 995 858 noverit.

59 874 162 937 ‘Quam
178 875 351 932 animalium
366 876 421 932 vim
435 876 573 934 connubia
592 877 748 952 promiscua
767 875 877 944 babere,
897 879 950 935 nisi
963 892 995 936 ut

58 953 188 1010 ‘serarum
204 973 293 1030 prope
307 955 361 1010 ritu
370 955 517 1030 vulgentur
530 956 692 1012 concubitus
702 956 789 1032 plebis
802 957 994 1033 Patrumque?

59 1036 110 1100 ‘ut‚
121 1032 170 1107 qui
184 1045 270 1090 natus
283 1033 328 1100 sit,
343 1033 459 1108 ignoret,
473 1033 553 1111 cujus
563 1034 711 1110 sanguinis,
723 1053 840 1110 quorum
854 1054 994 1094 sacrorum

57 1111 120 1178 ‘sit;
139 1112 278 1168 dimidius
291 1112 406 1170 Petrum
419 1113 464 1180 sit,
478 1114 608 1170 dimidius
616 1114 713 1189 plebis,
727 1133 763 1171 ne
776 1133 870 1172 secum
882 1116 994 1188 quidem

58 1189 126 1266 ‘ipse
139 1207 270 1248 concors.
310 1191 411 1249 Parum
423 1193 451 1248 id
459 1193 555 1260 rideri,
569 1194 643 1267 qubd
657 1193 750 1250 omnia
759 1194 852 1250 divina
862 1192 994 1251 bumana·

57 1277 122 1343 ‘que
133 1271 304 1327 turbentur:
319 1269 378 1346 jam
389 1271 424 1328 ad
434 1271 606 1328 consulatum
616 1271 690 1348 vulgi
704 1273 858 1330 turbatores
870 1273 995 1349 accingi;

57 1354 99 1404 'et
109 1349 213 1424 primb,
234 1361 268 1406 ut
279 1349 349 1406 alter
362 1351 458 1412 consul
471 1371 506 1407 ex
520 1351 600 1426 plebe
613 1351 700 1418 lieret,
721 1351 750 1408 id
763 1351 847 1410 modb
860 1353 994 1408 sermoni·

58 1425 120 1484 ‘hus
133 1429 277 1486 reamare:
298 1447 372 1485 nunc
384 1430 482 1504 rogari,
496 1442 537 1498 nt,
552 1449 602 1487 seu
612 1449 647 1486 ex
659 1429 795 1496 Patribus,
810 1451 860 1488 seu
870 1432 994 1506 explebe
1084 1435 1088 1442 ’

58 1506 141 1575 ‘velit
162 1507 288 1584 populna
309 1508 434 1566 consules
454 1521 546 1566 creet:
566 1522 595 1566 et
615 1521 754 1566 creaturos
774 1508 848 1566 haud
861 1511 946 1568 dubie
959 1531 994 1568 ex

57 1585 148 1660 ‘plebe
160 1586 406 1644 seditiosissimum
417 1607 563 1662 quemque.
593 1587 740 1645 Canuleios
754 1588 838 1664 igitur
846 1589 994 1665 Iciliosque

56 1665 199 1722 ‘consules
213 1665 281 1722 iore.
321 1663 367 1722 Ne
383 1666 411 1722 id
422 1666 534 1742 Jupiter
546 1667 667 1744 optimus
676 1669 813 1725 maximus
825 1669 936 1738 sineret,
951 1690 993 1727 re·

56 1743 128 1817 ‘gire
141 1742 299 1820 majestatis
312 1744 457 1820 imperium
472 1747 506 1803 eb
519 1747 659 1804 recidere:
680 1759 752 1805 etse
766 1748 865 1806 millies
879 1749 994 1806 moritu·

57 1828 113 1880 ‘ros
133 1824 241 1900 potiris,
264 1820 348 1898 quim
368 1835 401 1881 ut
422 1835 530 1882 tantum
553 1825 696 1883 dedecoris
715 1826 825 1884 admitti
846 1827 993 1903 patiantur.

58 1901 186 1960 ‘Certum
200 1900 310 1968 hebere,
324 1901 442 1979 majores
455 1901 574 1980 qubque,
588 1905 612 1961 si
626 1905 801 1971 divisissent,
816 1907 994 1963 concedendo

57 1981 170 2052 ‘omnim
185 2001 244 2039 non
257 1981 396 2038 mitiorem
415 1983 445 2038 in
464 2003 494 2040 se
514 1983 632 2058 plebem,
651 1985 700 2040 sed
714 1985 878 2059 asperiorem
894 1985 947 2041 ulia
960 2005 996 2041 ex

57 2060 128 2118 ‘aliis
140 2061 283 2136 iniquiora
292 2062 465 2138 postulando,
475 2081 559 2137 quum
568 2063 658 2140 prima
667 2062 849 2137 impetrasset,
862 2063 994 2132 futurem,

56 2140 156 2214 ‘primb
170 2140 326 2216 quamlibet
338 2141 543 2199 dimicationem
552 2141 691 2198 subituros
704 2141 788 2198 fuisse
798 2141 899 2218 potiris,
909 2141 992 2217 quim

56 2223 112 2276 ‘eas
124 2220 205 2296 leges
217 2219 270 2277 sibi
284 2219 388 2296 imponi
402 2233 569 2297 paterentur.
609 2220 684 2284 Quia
701 2232 760 2277 tum
780 2239 940 2278 concessum
955 2222 991 2278 sit

55 2297 103 2355 ‘ds
125 2299 256 2366 tribunis,
279 2299 401 2356 iterum²
424 2319 585 2358 concessum
608 2319 676 2358 esse.
726 2300 822 2358 Finem
844 2319 899 2358 non
922 2301 991 2358 fieri.
1065 2327 1073 2342 ·

54 2375 155 2452 ‘Posse
170 2381 200 2436 in
214 2379 313 2436 eidem
326 2379 437 2436 civitate
447 2380 571 2438 tribunos
584 2379 672 2456 plebis
686 2391 715 2438 et
730 2381 826 2438 Patres
839 2381 921 2438 esse?
943 2394 992 2438 aut

55 2453 141 2515 ‘bunc
155 2458 293 2526 ordinem,
314 2470 363 2514 aut
382 2458 458 2515 illurn
473 2459 663 2535 magistratum
677 2459 829 2517 tollendum
843 2481 920 2517 esse:
941 2481 991 2536 po·

56 2535 179 2612 ‘tirisque
193 2533 264 2604 sard,
285 2536 368 2612 quim
382 2557 522 2614 uunquam
543 2537 651 2596 obviam
668 2540 789 2596 eundum
804 2540 935 2596 audaciae
951 2551 991 2596 te·

55 2617 254 2692 ‘meritatique
295 2615 376 2673 Illiue
387 2616 443 2686 Ιιιι3
457 2618 569 2694 impune
589 2619 680 2694 primb
699 2619 848 2676 discordiae
869 2632 991 2676 serentes

54 2696 209 2753 ‘concitent
222 2694 341 2752 finitima
353 2696 432 2764 bella,
445 2697 545 2754 deinde
555 2698 687 2754 adversus
701 2717 741 2765 ea,
753 2715 823 2772 quae
835 2697 990 2756 concitave-

53 2773 129 2841 ‘rint,
150 2775 252 2832 armari
276 2774 416 2832 civitatem
437 2776 602 2851 delendique
621 2775 812 2852 prohibeant?
840 2789 877 2844 et,
902 2797 989 2853 quum

53 2849 160 2912 ‘hostes
174 2853 282 2910 tantum
296 2872 351 2910 non
365 2855 545 2923 arcessierint,
560 2855 698 2913 exercitus
712 2855 845 2913 conscribi
859 2857 991 2914 adversus

52 2928 161 2990 ‘hostes
176 2952 230 2989 nou
245 2931 408 3008 patiantur?
432 2933 488 2992 Sed
501 2935 602 2992 audeat
613 2934 762 2992 Canuleius
777 2935 803 2990 in
818 2948 914 2992 senatu
926 2956 990 3013 pro·

53 3009 153 3086 ‘loqui,
172 3031 212 3078 se,
231 3011 286 3068 nisi
302 3031 365 3068 snas
383 3013 457 3089 leges
471 3025 601 3088 tanquam
616 3015 727 3072 victoris
742 3015 838 3072 Patres
851 3016 940 3091 accipi
953 3017 990 3072 si·

52 3092 143 3161 ‘nanu
159 3091 300 3149 delectum
313 3089 408 3149 baberi
418 3092 627 3169 prohibiturum.
656 3093 733 3157 Quid
744 3113 804 3152 esse
812 3094 895 3163 aliud,
907 3095 990 3169 quim

81 3247 87 3276 ¹
104 3253 171 3314 Erga
182 3251 225 3298 has
237 3263 270 3298 no
280 3251 402 3298 reference
413 3259 439 3299 ιο
451 3251 491 3300 the
502 3252 634 3316 preceding
645 3261 765 3308 sentence,
777 3255 823 3301 but
833 3263 859 3302 to
870 3256 937 3302 those
947 3255 989 3301 be·

48 3312 96 3362 fore
106 3317 140 3365 ir:
244 3314 254 3342 ¹
274 3322 351 3374 Quum
365 3323 444 3381 primo
462 3319 617 3382 impetrdrret,
627 3331 687 3376 tum,
705 3321 766 3368 after
781 3322 822 3368 the
834 3322 951 3368 secession
964 3331 989 3367 to

51 3381 121 3432 Mons
134 3386 214 3433 Sacer.
250 3389 352 3444 Iterum,
364 3386 475 3448 alluding
487 3396 512 3434 to
523 3389 563 3434 tbe
572 3388 777 3448 re·appointment
786 3389 815 3434 of
823 3390 862 3434 the
871 3388 987 3442 tribunes,

50 3449 105 3498 alter
122 3454 164 3502 tlro
181 3451 325 3501 decemviral
342 3469 423 3514 power
438 3453 487 3501 hod
504 3456 564 3501 been
582 3454 712 3502 abolisbed.
785 3454 795 3481 ³
813 3455 843 3500 ln
860 3452 989 3513 indignant

49 3519 169 3577 questions
184 3531 213 3570 ut
228 3520 250 3568 is
265 3521 331 3568 osten
342 3522 399 3568 thus
410 3520 522 3580 inserted,
536 3523 593 3568 with
605 3537 671 3569 some
682 3521 741 3568 such
753 3518 831 3566 words
843 3518 990 3566 understood

48 3597 78 3643 ³⁸,
87 3591 128 3638 Aa
136 3597 214 3652 putea
215 3592 277 3654 fleri
283 3599 326 3638 ut:
347 3605 374 3638 ιο
383 3589 408 3636 in
420 3587 535 3647 Terence,
550 3591 607 3638 Eira
616 3599 690 3651 egout
699 3588 829 3637 advertor?
842 3587 951 3633 Annum
966 3588 985 3633 l.

486 3673 505 3710 U
