2232 3862
126 203 165 260 66
520 199 555 258 Τ.
574 197 675 258 L1v11

128 363 136 393 ‘
151 376 212 415 rum
226 357 255 414 in
268 375 352 416 manu
365 367 425 415 est:
446 356 571 426 moriere,
585 357 609 414 si
621 355 743 416 emiseris
756 353 868 414 vocem?
908 355 1010 420 Quum
1023 375 1072 432 pa·

127 437 192 494 vida
208 457 244 494 ex
261 455 358 494 somno
377 435 476 494 mulier
490 437 592 494 nullam
608 455 698 511 opem,
715 433 816 510 prope¹
837 446 954 492 mortem
976 435 1072 492 immi-

126 526 248 584 nentem,
262 516 384 582 viderem
403 528 463 572 tum
478 515 643 590 Tarquinius
656 515 735 570 lateri
747 533 877 581 amorem,
893 533 982 582 orare,
1002 515 1068 572 mis·

127 613 189 654 cere
203 595 329 672 precibus
343 594 438 662 minas,
457 613 564 652 versare
577 595 606 651 in
619 613 714 652 omnes
727 605 818 670 partes
830 593 996 650 muliebrem
1011 593 1070 650 ani·

125 693 212 732 mum.
254 673 311 734 Ubi
330 674 494 732 obstinatam
507 673 626 742 videbat,
646 684 675 730 et
694 692 729 730 ne
749 672 844 730 mortis
861 671 976 746 quidem
990 683 1069 730 metu

125 752 258 820 inclinari,
272 753 349 810 addit
362 754 397 810 ad
411 765 516 810 metum
530 753 667 810 dedecus:
689 758 697 786 ‘
711 771 774 810 curn
788 762 897 808 mortua
904 750 1068 827 jugulatum

124 838 133 866 ‘
147 851 258 890 servum
270 832 376 888 nudum
389 831 561 907 positurum,’
574 832 621 898 ait,
638 839 689 888 ‘nt
701 830 729 886 in
743 830 854 888 sordido
867 829 1007 888 adulterio
1019 849 1067 888 ne·

125 915 134 943 ‘
147 923 209 969 oeta
222 909 345 968 dicatur!
386 911 450 974 Quo
463 923 566 968 terrore
584 929 670 986 quum
682 909 793 967 vicisset
806 909 971 966 obstinatam
985 909 1067 986 pudi-

124 989 302 1048 citiamvelut
311 989 410 1047 victrix
419 990 511 1056 libido,
526 990 718 1066 profectusque
728 989 792 1044 inde
801 986 979 1062 Tarquinius,
989 989 1067 1046 ferox

124 1080 282 1146 expugnato
305 1069 404 1126 decore
424 1069 560 1135 muliebri,
580 1081 670 1135 essat;
694 1066 832 1134 Lucretia,
857 1078 965 1124 moesta
988 1080 1066 1125 tanto

123 1147 205 1216 malo,
225 1147 358 1206 nuncium
373 1148 491 1204 Romam
510 1147 628 1204 eundem
645 1147 680 1203 ad
700 1160 814 1222 patrem,
830 1145 1014 1221 Ardeamque
1031 1149 1066 1204 ad

123 1226 212 1284 virum
226 1227 321 1294 mittit,
339 1233 393 1284 ‘ut
412 1245 476 1284 cum
496 1226 609 1302 singulis
623 1226 748 1284 fidelibus
768 1224 863 1284 amicis
876 1225 1008 1284 veniant:
1028 1226 1064 1284 ita

124 1305 219 1363 ‘facto
232 1316 422 1380 maturatoque
437 1325 506 1380 opus
524 1326 601 1372 esse;
620 1325 676 1362 rem
691 1317 812 1362 atrocem
826 1303 974 1362 incidissel
1017 1305 1064 1381 Sp.

122 1381 271 1441 Lucretius
283 1403 346 1440 cum
363 1385 394 1440 P.
408 1383 520 1442 Valerio
532 1384 625 1440 Volesi
639 1385 703 1451 filio,
718 1383 871 1442 Collatinus
884 1403 948 1442 cnm
965 1383 1001 1442 L.
1013 1383 1063 1441 Ju-

121 1462 169 1520 nio
183 1463 272 1520 Bruto
284 1463 378 1529 venit;
398 1482 461 1520 cum
482 1483 537 1538 quo
556 1463 627 1520 forte
642 1463 761 1520 Romam
781 1463 890 1519 rediens
907 1463 942 1520 ab
962 1465 1062 1522 nuncio

121 1542 216 1600 uxoris
230 1554 288 1599 erat
301 1555 452 1600 conventus
462 1542 482 1598 ².
509 1541 668 1600 Lucretiam
678 1543 819 1600 sedentem
831 1553 965 1600 moestam
977 1542 1006 1600 in
1017 1563 1062 1600 cu·

121 1620 213 1678 biculo
226 1620 377 1678 inveniunt.
418 1621 551 1678 Adventu
564 1641 676 1678 suorum
690 1621 817 1678 lacrimae
830 1622 960 1678 obortae:
981 1641 1059 1696 quae·

120 1700 247 1774 rentique
267 1699 334 1766 viro,
359 1699 467 1757 ‘Satin’
491 1699 625 1758 salvae·³?
655 1698 813 1764 ‘Minime'
840 1701 945 1774 inquit3
976 1701 1060 1776 ‘quid

122 1785 129 1810 ‘
144 1779 217 1834 enim
231 1779 298 1838 salvi
311 1790 354 1835 est
368 1779 483 1846 mulieri,
494 1779 594 1836 amissit
604 1779 757 1855 pudicitia?
776 1779 900 1854 Vestigia
910 1779 961 1836 viri
972 1780 1059 1846 alieni,

122 1857 290 1925 ‘Collatine,
312 1858 339 1914 in
356 1857 428 1914 lecto
446 1870 511 1914 sunt
528 1870 587 1914 tuo.
627 1857 757 1915 Ceterirm
778 1877 877 1935 corpus
895 1869 937 1915 eet
955 1860 1058 1918 tantum

121 1943 129 1969 ‘
144 1936 286 2002 violatum,
304 1936 412 1993 animus
430 1937 537 2004 insons,
559 1955 632 1994 mors
649 1936 728 1994 testis
746 1936 806 1994 erit.
848 1937 903 1994 Sed
917 1938 983 1995 date
996 1939 1058 1996 der·

122 2023 199 2074 ‘tras
214 2016 362 2090 fidemque,
382 2015 456 2072 hand
476 2016 589 2091 impune
605 2016 731 2075 adultero
749 2016 817 2074 fore.
858 2017 922 2074 Sex.
935 2029 981 2074 eet
994 2018 1057 2075 Tar·

119 2102 127 2128 ‘
141 2095 261 2171 quinins,
276 2095 323 2170 qui
336 2093 422 2152 hostie
436 2114 486 2170 pro
499 2093 607 2171 hospite
621 2095 711 2170 priore
723 2107 805 2152 nocte
818 2095 845 2151 vi
858 2107 981 2152 armatus
994 2095 1056 2153 milri

118 2180 127 2207 ‘
141 2175 256 2250 sibique,
271 2178 295 2230 si
308 2193 357 2231 vos
371 2173 421 2230 viri
434 2174 509 2240 estis,
530 2174 689 2250 pestiferum
703 2172 768 2232 hino
783 2173 896 2231 abstulit
909 2174 1055 2249 gaudium!

119 2251 198 2310 Dant
211 2253 307 2310 ordine
321 2271 417 2310 omnes
430 2252 530 2308 fidem:
551 2253 727 2310 consolantur
742 2272 851 2328 aegram
868 2253 963 2322 animi,
984 2273 1054 2312 aver·

119 2332 204 2388 tendo
217 2350 317 2388 noxam
331 2330 365 2388 ab
379 2331 474 2388 coacta
493 2331 521 2386 in
534 2343 674 2388 auctorem
688 2331 790 2388 delicti.
831 2340 838 2366 ‘
853 2330 981 2392 Mentem
996 2352 1054 2409 pec·

119 2417 128 2443 ‘
142 2430 213 2478 care,
227 2429 282 2466 non
296 2428 412 2485 corpus:
429 2422 466 2477 et,
480 2409 553 2466 unde
567 2409 709 2466 consilium
722 2411 847 2478 abfuerit,
858 2411 969 2486 culpam
982 2414 1053 2470 abes·

119 2487 188 2548 ‘se'
230 2495 237 2522 ‘
254 2485 328 2555 Vor,'
342 2487 445 2562 inquit,
467 2493 474 2522 ‘
489 2488 619 2555 videritis,
638 2489 705 2563 quid
718 2489 758 2546 illi
771 2490 917 2547 debeatur:
938 2510 992 2566 ego
1004 2509 1052 2557 me,

118 2575 126 2602 ‘
140 2567 193 2626 etsi
206 2579 320 2643 peccato
332 2566 454 2636 absolvo,
467 2568 601 2643 supplicio
614 2587 668 2624 non
682 2568 777 2626 liber'o.
817 2568 878 2626 Nec
890 2569 945 2626 ulla
958 2569 1052 2628 deindo

118 2647 280 2724 ‘impudica
299 2645 446 2704 Lucretiae
466 2647 593 2722 exemplo
612 2645 703 2704 vivet!
746 2647 882 2714 Cultrum,
903 2666 986 2722 quem
1006 2649 1051 2704 sub

117 2738 195 2784 veste
208 2727 332 2784 abditum
345 2723 471 2792 habebat,
486 2745 549 2784 eum
564 2726 591 2782 in
606 2726 689 2784 corde
703 2727 814 2801 defigit:
835 2727 1014 2803 prolapsaque
1026 2726 1050 2782 in

117 2806 225 2871 vulnus,
239 2805 401 2862 moribunda
414 2805 522 2862 cecidit.
564 2805 745 2864 Conclamant
758 2806 799 2862 vir
811 2818 952 2882 paterque.

156 2883 235 2942 LIX.
257 2884 369 2950 Brutus,
396 2883 450 2940 illis
476 2885 553 2942 luctu
576 2884 725 2961 occupatis,
747 2885 874 2951 cultrum,
892 2905 927 2942 ex
944 2885 1048 2942 vulnere

117 2963 265 3022 Lucretiae
279 2975 442 3030 extractum,
456 2975 612 3021 manantem
628 2983 723 3022 cruore
737 2983 802 3041 prae
815 2984 845 3021 se
859 2975 963 3032 tenens,
979 2973 986 2998 ‘
1000 2963 1049 3020 Per

117 3053 126 3080 ⁴
139 3041 231 3111 hunc,’
245 3043 271 3098 in
276 3042 344 3117 quit,
360 3041 560 3100 ‘castissimum
571 3055 634 3100 ante
645 3043 746 3118 regiam
757 3041 883 3118 injuriam
895 3043 1047 3119 sanguinem

117 3131 125 3160 ‘
134 3123 208 3200 juro,
229 3141 342 3197 vosque,
364 3120 422 3190 Dii,
444 3132 529 3180 testes
549 3121 629 3191 facio,
648 3141 693 3180 me
706 3121 742 3178 L.
756 3121 937 3197 Tarquinium
953 3123 1047 3198 Super·

151 3270 158 3300 ¹
179 3270 215 3318 Dr
229 3269 328 3316 Huuter
339 3276 458 3330 suggests,
476 3266 569 3316 instead
579 3268 609 3315 of
622 3268 668 3316 this
679 3268 798 3332 pointing,
817 3287 890 3332 quum
902 3271 987 3318 videret
996 3269 1045 3332 ool·

115 3343 163 3388 lom
174 3354 238 3400 opem
248 3353 327 3398 prope,
339 3337 409 3381 when
420 3337 462 3382 she
473 3351 521 3383 saw
533 3351 565 3382 no
577 3335 631 3396 help
644 3351 707 3384 near.
777 3337 787 3364 ²
804 3340 916 3387 Convenit
928 3339 1044 3388 nunciam.

116 3408 385 3464 Imeotamessenger.
421 3405 692 3460 Conveniorobnunclo,
707 3403 770 3450 Iam
781 3405 1043 3466 metbyamesssnger.
1089 3423 1090 3430 κ

117 3475 149 3522 So
163 3472 260 3522 Cicero:
281 3473 321 3519 De
333 3471 495 3533 Amoriojom
505 3481 561 3520 onte
571 3473 613 3519 tr'lrr'
623 3473 714 3532 scripse,
731 3489 778 3521 non
790 3486 840 3519 esse
851 3486 907 3519 eum
918 3486 933 3518 s
944 3486 983 3519 me
993 3483 1045 3518 oon-

114 3548 221 3592 ventum.
246 3541 287 3588 Ad
300 3541 424 3590 Attio-xv.
439 3537 461 3588 1.
529 3537 695 3600 ”Supplyrer
703 3548 765 3588 runt.
791 3571 794 3578 .
