2262 3858
476 241 600 302 LIBER
621 243 656 302 V.
973 243 1031 301 309

21 397 22 462 l
93 397 196 466 ‘tione
209 399 233 457 si
247 419 348 476 operae
361 400 399 458 illi
414 415 495 471 esset,
505 405 648 462 consulere
662 401 750 470 velle,’
762 403 797 460 od
808 401 973 480 colloquium
983 423 1029 462 vs·

92 489 145 534 tem
160 479 255 537 elicuit
267 479 286 536 ¹.
316 481 466 557 Quumque
476 484 615 559 ¹progressi
629 485 709 541 umbo
722 502 739 539 a
751 483 807 539 suis
818 483 924 559 lougius
937 495 1029 541 essent

20 579 21 584 ι
91 555 216 625 inermes,
231 559 292 617 sine
302 560 359 621 ullo
372 573 465 629 metu;
485 564 642 638 praevalens
652 561 763 639 juvenis
778 561 920 620 Romanus
933 581 1027 620 senem

20 651 21 654 ¹
90 633 238 705 infirmum,
252 638 282 694 in
296 653 445 715 conspectu
458 642 580 698 omnium
594 655 712 719 raptum,
732 641 912 717 nequicquam
926 643 1028 699 tumul·

90 715 231 773 tuentibus
246 715 381 786 Etruscis,
398 720 433 776 ed
446 739 511 776 suos
521 722 670 778 transtulit.
710 720 767 784 Qui
780 739 864 795 quum
879 722 1027 797 perductus

18 873 19 876 Ἰ
89 793 121 848 ad
134 794 342 870 imperatorem,
357 797 420 854 inde
436 798 553 857 Romam
568 801 602 857 ad
616 811 740 858 senatum
754 800 853 856 missus
866 811 947 868 esset,
961 801 1027 858 scis·

17 947 18 950 ¹
88 871 248 943 uitantibus,
263 875 393 951 quidnam
407 878 436 934 id
450 891 530 946 esset,
545 880 618 955 quod
632 879 667 936 de
680 879 741 936 laon
755 878 865 936 Albano
878 879 1026 947 docuisset,

16 951 18 996 l
88 953 247 1027 respondit:
270 952 420 1014 ‘Profecto
437 957 521 1015 iratos
536 958 613 1016 Deos
627 958 737 1036 Vejenti
756 958 858 1035 populo
878 958 924 1014 illo
944 959 1027 1016 luisse

17 1081 18 1084 ,
88 1030 162 1098 ‘die‚
177 1049 236 1106 quo
249 1033 301 1090 sibi
314 1054 375 1092 eum
389 1049 510 1094 mentem
525 1037 697 1114 objecissent,
718 1048 750 1092 ut
769 1037 907 1094 excidium
921 1037 1024 1114 petrias

16 1157 17 1174 ,
87 1110 191 1167 ‘fatale
206 1113 344 1187 proderet.
384 1115 489 1192 Itaque,
511 1130 660 1191 questum
681 1115 810 1174 cecinerit
823 1117 916 1173 divino
929 1117 1027 1192 spiritu

87 1187 267 1258 ‘instinctus
281 1211 314 1249 ea
328 1213 358 1250 se
371 1213 430 1260 neo,
445 1207 477 1252 ut
491 1195 594 1252 indicta
607 1196 670 1261 sint,
684 1213 811 1252 revocare
824 1215 923 1272 posse;
943 1209 971 1252 et
985 1207 1026 1252 ta·

87 1269 198 1326 ‘oeudo
219 1271 340 1338 forsitan,
360 1292 430 1348 quae
451 1273 501 1340 Dji
521 1275 687 1332 immortales
708 1274 820 1349 vulgari,
839 1274 931 1341 velint,
952 1271 1026 1330 hund

87 1348 212 1416 ‘minus,
226 1349 309 1424 quam
322 1351 434 1410 celanda
447 1353 564 1420 effando,
579 1354 654 1411 nefas
667 1351 798 1411 contrahi.
838 1352 885 1411 Sie
898 1353 982 1429 igitur
994 1351 1026 1409 li·

87 1426 165 1482 ‘bris
178 1428 316 1497 fatalibus,
330 1431 370 1488 sio
384 1432 528 1508 disciplinis
544 1433 662 1490 Etruscis
674 1433 804 1490 traditum
819 1450 887 1500 esse,
901 1445 1026 1509 utqnnn·

86 1505 143 1561 ‘do
157 1523 230 1582 aqua
246 1508 353 1567 Albana
366 1511 539 1580 abundisset,
554 1525 622 1580 tum,
636 1513 659 1569 si
673 1531 732 1569 eum
745 1511 886 1569 Romanus
896 1513 948 1569 rite
958 1513 1025 1570 emi·

85 1584 198 1654 ‘sisset
220 1587 360 1646 victorium
386 1590 420 1648 de
441 1590 603 1668 Vejentibus
630 1591 696 1649 deri.
737 1591 895 1666 Antequam
917 1592 946 1648 id
969 1592 1026 1657 fiat,
1050 1627 1059 1642 .

86 1662 187 1722 ‘Deos
202 1667 311 1724 moenie
325 1667 483 1745 Vejentium
497 1672 652 1729 deserturos
665 1690 720 1728 non
731 1670 808 1728 esse!
849 1670 1027 1747 Exseqnebo·

85 1752 129 1799 tur
141 1743 219 1812 inde,
234 1765 305 1821 quoe
318 1747 438 1806 solennis
451 1750 584 1808 derivatio
597 1749 699 1810 esset².
741 1750 797 1808 Sed
812 1757 971 1808 ‘auctorem
986 1751 1025 1807 le·
1050 1797 1058 1809 ,

84 1827 94 1878 ,‘
105 1841 179 1891 rem,
202 1843 254 1883 neo
273 1826 339 1883 sutis
353 1827 437 1886 fidum
452 1849 534 1906 super
546 1831 623 1887 tentis
635 1829 673 1886 re'
687 1829 783 1886 Patres
796 1829 857 1895 ruti,
871 1829 1026 1897 deerevere,
1101 1874 1104 1883 ,

85 1906 93 1930 ‘
106 1901 214 1976 legatos
227 1913 370 1980 sortesque
383 1908 486 1966 oraculi
501 1908 610 1985 Pythici
624 1905 837 1985 exspectandas!

122 1980 206 2039 XVI.
228 1983 308 2040 Prius
325 1985 409 2061 quim
429 2007 446 2044 a
463 1987 582 2065 Delphis
601 1999 721 2044 oratores
741 1986 869 2050 redirent,
888 1985 1025 2042 Albanive

85 2061 205 2138 prodigii
222 2063 329 2139 piacula
346 2066 540 2133 invenirentur,
561 2067 624 2123 novi
644 2065 745 2123 tribuni
759 2065 876 2121 militum
890 2064 1026 2122 consulari

187 2155 334 2217 potestate,
349 2145 383 2203 L.
397 2145 488 2204 Julius
504 2145 588 2214 lulus,
603 2145 637 2203 L.
652 2145 750 2202 Furius
765 2142 935 2200 Medullinus
945 2163 1025 2218 quur-

85 2209 147 2315 }'53‘
187 2223 257 2290 tum,
279 2222 313 2280 L.
335 2222 447 2301 Sergius
466 2223 592 2290 Fidenas,
616 2227 651 2282 A.
674 2223 831 2281 Postumius
853 2221 1025 2298 Regillensis,

136 2302 142 2313 '
189 2301 222 2359 P.
244 2301 388 2361 Cornelius
409 2303 617 2381 Melugiuensis,
640 2305 676 2360 A.
692 2303 822 2370 Manlius,
836 2303 1025 2378 magistratum

85 2375 216 2438 inierunt.
258 2381 301 2439 Eo
321 2402 393 2440 anno
407 2383 619 2460 Tarquinienses
633 2383 695 2440 novi
710 2381 802 2440 hostes
815 2383 912 2440 exorti.
952 2381 1025 2446 Quia

85 2457 168 2515 simul
183 2460 277 2518 multis
290 2463 376 2530 bellis,
392 2463 554 2522 Volscorurn
567 2465 603 2522 ed
618 2464 725 2529 Anxur,
740 2461 788 2519 ubi
801 2460 966 2539 praesidium
976 2462 1025 2517 ob·

85 2536 236 2606 uidebatur,
252 2544 414 2617 Aequorum
428 2543 462 2600 ad
477 2542 602 2610 Latione,
616 2542 663 2619 qui
678 2543 831 2600 Romanum
840 2541 876 2597 ibi
891 2539 1026 2597 coloniam

85 2621 291 2694 oppugnabunt,
311 2622 346 2678 sd
366 2621 419 2679 hoe
433 2622 544 2700 Vejenti
563 2623 672 2698 quoqne
686 2634 714 2678 et
728 2620 834 2678 Falisco
847 2631 876 2677 et
891 2619 1025 2695 Capenati

84 2695 157 2754 bello
172 2712 321 2777 occupatos
335 2700 464 2759 videbunt
480 2702 627 2768 Romanos,
642 2719 693 2758 nee
707 2700 778 2757 iutra
787 2718 879 2755 muros
893 2698 1027 2773 quietiora

83 2779 198 2850 negotia
210 2799 270 2838 esse
284 2769 476 2838 certaminibus
486 2781 598 2838 Petrum
609 2798 641 2837 uc
651 2779 736 2856 plebis
749 2802 756 2846 ς
775 2778 847 2835 inter
856 2776 923 2836 hooc
934 2779 1025 2835 locunt

84 2853 202 2931 injuriae
222 2859 274 2917 reti
294 2879 362 2928 esse,
383 2860 544 2937 praedatum
564 2861 592 2916 in
612 2878 707 2934 ugrum
729 2858 885 2916 Romanum
899 2855 1026 2916 cohortes

84 2937 229 3011 expeditas
250 2938 372 2996 mittunt.
411 2947 419 2973 ⁴
434 2940 496 2997 Aut
515 2939 589 2996 enim
608 2957 736 3016 passuros
750 2936 864 2994 inultam
878 2956 938 2994 earn
953 2935 1025 3013 inju-

86 3021 94 3048 ‘
108 3016 178 3072 riam
193 3017 343 3083 Romanos,
358 3037 393 3076 ne
405 3038 478 3076 novo
491 3019 563 3075 bello
575 3038 605 3075 se
618 3029 780 3083 onerareut3
799 3027 848 3073 aut
857 3015 966 3091 exiguo,
977 3035 1024 3072 eo-

86 3102 95 3127 ⁴
108 3113 163 3169 que
177 3116 275 3173 purum
288 3097 388 3166 valido,
402 3098 526 3156 exercitu
540 3094 748 3174 persecuturos!
790 3095 922 3151 Romanis
936 3094 1025 3169 indig-

86 3173 157 3232 nitas
177 3175 274 3253 major,
294 3175 376 3253 quiem
397 3196 470 3248 cura,
492 3175 677 3253 populationis
698 3173 937 3250 Tarquiniensium
963 3172 1024 3229 fuit.

120 3287 127 3316 ¹
147 3291 272 3348 aetates,
289 3291 334 3338 dre.
371 3289 472 3352 Hering
488 3288 618 3350 pretended
636 3289 687 3336 that
703 3288 733 3335 he
745 3285 833 3334 wished
845 3296 870 3334 to
881 3284 976 3332 consult
986 3284 1028 3331 the

87 3356 189 3418 prophet
206 3357 335 3420 regarding
350 3359 391 3406 the
406 3356 566 3418 expiationes
581 3373 596 3403 ιι
612 3365 708 3417 portent
725 3354 838 3415 offecting
854 3352 890 3398 his
907 3365 961 3398 own
977 3350 1027 3410 pri-

84 3433 138 3472 vate
153 3423 271 3482 interests,
288 3425 381 3472 enticed
398 3425 448 3472 him
464 3433 490 3472 to
504 3440 519 3471 ιι
535 3423 686 3472 conferente.
755 3423 765 3450 ¹
781 3421 966 3482 Eumquelntur,
977 3418 1024 3464 dte.

89 3491 160 3541 Tben
174 3493 207 3572 lte
224 3491 356 3554 proceeded
373 3501 398 3540 to
414 3491 487 3542 detail
504 3492 545 3540 the
559 3491 651 3540 solemn
668 3489 739 3538 mode
750 3488 780 3535 os
793 3485 890 3547 leading
907 3499 973 3546 ewsy
985 3485 1026 3536 tlte

88 3568 163 3609 water
173 3575 199 3608 ιιι
210 3570 316 3611 streoms.
428 3581 430 3586 ·
881 3585 884 3594 =
