2224 3862
116 217 175 275 280
491 213 525 274 Τ.
546 214 648 274 LlVll

116 373 219 434 tamine
232 373 286 432 alio
299 373 453 449 pendebam
473 374 548 450 qubd
561 393 627 432 cura
639 372 789 432 incesserat
803 373 909 442 Patres,
930 395 968 433 ne
986 388 1063 434 metu

117 454 310 530 quaestionum
318 453 396 528 plebs
406 454 501 528 inique
513 453 522 486 ¹
536 454 660 511 tribunos
671 453 789 510 militum
799 473 833 510 ex
844 453 927 529 plebe
939 470 1063 514 crearet:

117 533 322 606 tendebantque
342 534 451 589 summit
474 553 536 609 ope,
560 551 591 590 nt
609 533 735 590 consules
758 547 925 591 crearentur.
967 534 1064 597 Quam

117 611 229 670 senatirs
243 611 398 669 consultum
413 611 473 668 fieri
490 613 592 668 tribuni
613 613 701 686 plebis
714 631 769 667 non
784 624 954 688 paterentur,
976 614 1064 670 iidem

116 691 319 749 intercederent
332 691 520 748 consularibus
529 691 657 758 comitiis,
672 709 715 748 res
725 693 761 748 ad
771 691 958 766 interregnum
970 693 1064 750 rediit.

118 770 243 828 Victoria
256 769 357 827 deinde
370 789 455 846 penes
471 771 566 826 Patren
578 771 639 826 fuir.

119 909 136 943 U
158 907 180 943 c.
259 849 310 906 Ll·
340 849 375 912 Q.
391 848 477 905 Fabio
491 849 629 906 Vibulano
646 849 783 924 interrege
803 849 915 906 comitia
932 849 1064 918 habente,

118 927 177 1012 3d2.
220 929 346 986 consules
366 928 452 986 creati
471 940 536 984 sunt
554 928 752 985 neomutus
774 927 886 995 Cossus,
907 927 944 984 L.
963 929 1065 986 Furiae

219 1006 402 1065 Medullinus.
451 1006 507 1064 His
529 1007 686 1064 consulibua
706 1007 841 1082 principio
861 1009 927 1064 enni
949 1009 1065 1066 senatis

117 1087 274 1146 consultum
288 1088 390 1144 factum
405 1099 456 1154 eet,
472 1095 480 1122 ⁴
494 1100 526 1143 nt
539 1087 574 1143 de
588 1087 748 1162 quaestione
761 1086 956 1143 Postumianae
971 1089 1065 1158 caedis

118 1167 244 1224 ‘tribuni
258 1167 347 1242 primo
360 1185 470 1241 qnoque
491 1179 616 1242 tempere
633 1167 667 1222 ad
682 1166 790 1241 plebem
811 1167 931 1222 ferrent:
954 1167 1064 1241 plebes-

118 1254 127 1280 ‘
141 1265 195 1322 que
209 1245 370 1321 praeficeret
383 1244 544 1319 quaestioni,
559 1265 641 1320 quem
656 1243 754 1302 vellet’
796 1245 824 1300 A
835 1245 915 1320 plebe
925 1265 1064 1302 consensu

117 1324 234 1402 populi²
248 1325 408 1382 consulibus
418 1326 560 1400 negotium
575 1324 729 1380 mandatur.
770 1323 835 1390 Qui,
846 1325 957 1380 summis
966 1326 1064 1382 mode·

117 1406 224 1462 ratione
237 1423 270 1461 ac
282 1405 395 1461 lenitate
409 1423 621 1480 perpaucorum
635 1402 809 1479 supplicium,
819 1423 888 1478 quoa
898 1403 1012 1461 sibimet
1022 1404 1063 1481 ip·
1104 1439 1105 1448 ι

117 1503 164 1541 sos
182 1485 319 1540 conscisse
338 1481 477 1538 mortem³
498 1483 563 1540 ratis
583 1483 718 1540 creditum
739 1495 790 1548 est,
810 1483 950 1540 transactis
962 1503 1003 1551 re,
1016 1503 1066 1540 ne·
1104 1481 1105 1496 ¹

100 1562 229 1638 quivere
252 1575 345 1618 tamen
364 1563 504 1637 consequi,
524 1575 556 1619 nt
577 1581 631 1619 non
652 1561 802 1636 aegerrime
821 1561 850 1618 id
871 1563 950 1638 plebs
971 1564 1063 1620 ferret.
1104 1629 1105 1638 ἵ

120 1653 130 1678 ·
144 1641 244 1699 ,lacere
255 1641 361 1698 tamdiu
375 1641 464 1697 irritas
477 1641 643 1706 sanctiones,
657 1661 727 1716 quae
737 1641 773 1698 de
783 1643 839 1696 suis
850 1642 1006 1698 commodis
1014 1643 1063 1699 ier·
1104 1671 1105 1688 ι

122 1729 258 1778 ‘renturz
279 1737 363 1794 quum
385 1719 495 1777 interim
515 1721 551 1777 de
571 1721 704 1795 sangnine
724 1733 753 1776 et
766 1721 902 1796 supplicio
916 1742 968 1782 eno
983 1722 1063 1778 latam
1104 1717 1105 1782 i

121 1801 233 1875 ‘legem
254 1799 397 1856 confestim
419 1799 550 1864 exerceri,
572 1813 601 1858 et
618 1813 722 1856 tantam
738 1799 791 1857 vim
806 1799 925 1857 babere!
968 1802 1063 1876 Aptis-

121 1879 222 1937 simum
240 1891 350 1955 tempus
377 1891 444 1945 erat,
465 1879 609 1936 vindicatis
635 1879 824 1945 seditionibus,
852 1879 1064 1936 delenimentum
1104 1909 1105 1920 ι

119 1958 219 2017 animis
236 1957 335 2016 Bolani
355 1957 413 2033 agri
435 1957 596 2016 divisionem
618 1958 718 2034 objici:
738 1977 794 2032 quo
813 1959 886 2014 facto
903 1959 1063 2016 minuissent

120 2038 288 2096 desiderium
309 2038 430 2114 agrariae
449 2039 526 2113 legis,
548 2057 618 2112 qnae
638 2057 765 2113 possesso
785 2057 835 2112 per
853 2037 983 2113 injuriam
1001 2058 1062 2112 agro

119 2117 233 2194 publico
253 2119 350 2176 Patres
370 2117 497 2192 pellebat
539 2117 620 2174 Tunc
632 2115 701 2174 haec
714 2116 773 2190 ipsa
786 2116 936 2190 indignitas
950 2117 1061 2192 angebat

119 2197 235 2265 animos,
256 2206 333 2254 ‘non
354 2199 381 2254 in
399 2197 548 2254 retinendis
562 2197 646 2254 modi)
665 2195 782 2272 publicis
796 2197 876 2270 agris,
899 2216 971 2271 qnos
984 2197 1011 2252 vi
1023 2210 1060 2252 te·

121 2285 231 2343 ‘neret
245 2276 413 2352 pertinacem
428 2277 598 2332 nobilitatem
614 2295 692 2340 esse;
712 2275 806 2330 sedne
821 2294 940 2332 vacuum
954 2276 1059 2350 quidem
1104 2295 1105 2320 ι

78 2397 83 2405 .
122 2361 250 2429 ‘agruim
275 2374 363 2430 nuper
379 2375 414 2411 ex
437 2354 562 2412 hostibus
583 2369 703 2429 captum,
730 2353 804 2429 plebi
831 2354 974 2419 dividere;
1000 2373 1059 2410 mox

122 2439 130 2467 ‘
143 2433 247 2508 paucis,
262 2445 295 2489 ut
304 2441 406 2497 ¹cetera,
421 2433 544 2492 futurum
558 2432 692 2509 praedae.’
735 2433 841 2488 Eodem
851 2453 924 2488 anno
935 2435 1058 2490 adversus
1104 2475 1105 2494 ,

121 2511 247 2579 Volscos,
258 2512 421 2588 populantes
431 2511 616 2568 Hernicorum
626 2513 702 2575 fines,
714 2511 836 2585 legiones
846 2512 972 2570 ductaea
983 2511 1057 2568 Furio
1104 2557 1105 2586 ,

121 2591 243 2656 consule,
257 2610 343 2665 quum
364 2590 470 2647 bostem
492 2591 529 2648 ibi
546 2611 600 2648 non
615 2591 791 2657 invenissent,
807 2590 996 2658 Ferentinum,
1010 2591 1058 2665 quir
1104 2595 1105 2658 i

121 2689 222 2746 magna
241 2670 391 2727 multitudo
407 2669 569 2727 Volscorum
590 2690 620 2726 se
638 2669 800 2734 contulerat,
819 2689 927 2744 cepere.
969 2669 1058 2726 Minus

121 2750 248 2825 praedae,
264 2747 345 2824 quiem
360 2762 543 2826 speraverant,
556 2750 625 2806 fuit:
646 2749 720 2824 qnod
735 2748 837 2817 Volsci,
846 2767 992 2824 postquam
1004 2768 1057 2824 spes

122 2829 220 2885 tuendi
233 2830 334 2904 exigna
347 2841 413 2896 erat,
424 2829 538 2885 sublatis
549 2831 639 2896 rebus,
649 2841 732 2885 nocte
745 2827 877 2903 oppidum
889 2830 1057 2904 reliquerunt.

123 2907 240 2965 Postero
248 2909 293 2965 die
304 2927 389 2985 prope
400 2910 539 2966 desertum
551 2909 666 2984 capitur.
708 2906 839 2964 Hernicis
849 2909 909 2984 ipse
918 2927 984 2984 ager
994 2908 1057 2964 dono

120 2988 210 3064 datus.

157 3084 165 3113 ¹
184 3084 255 3132 Some
266 3083 345 3132 critice
356 3085 413 3132 read
425 3089 498 3134 irata.
584 3079 594 3108 ²
613 3082 709 3132 Crevier
720 3081 809 3130 deletes
818 3086 911 3146 populi.
949 3084 1001 3131 The
1011 3097 1057 3144 pas·

123 3166 180 3215 sege
191 3167 282 3206 means.
296 3153 327 3214 by
339 3153 379 3198 the
390 3153 512 3212 plebeians
523 3151 548 3197 in
561 3153 601 3198 the
613 3151 709 3200 comitia
721 3154 817 3210 imbuto,
830 3151 886 3197 with
899 3152 940 3198 the
958 3151 1057 3198 mention

122 3220 151 3268 οἲ
164 3220 204 3266 the
216 3219 293 3266 whole
310 3220 396 3279 people
412 3219 437 3266 in
455 3220 495 3265 the
512 3219 609 3266 comitia
625 3223 766 3268 centuriata.
836 3217 846 3247 ⁸
866 3219 946 3266 Tbere
958 3218 978 3266 is
989 3235 1003 3264 a
1013 3218 1059 3263 nice

122 3286 260 3336 distinction
272 3286 372 3333 betwint
383 3289 423 3333 the
435 3288 531 3347 phrases
541 3291 591 3349 ipse
602 3290 712 3336 conscivit
723 3296 823 3336 monem
834 3289 884 3340 tabi,
898 3285 947 3334 and
957 3289 1058 3336 omrrrirr't

120 3365 219 3404 mortem
236 3353 279 3404 sibi
295 3357 347 3416 ipsi,
361 3353 437 3400 which
453 3355 495 3399 bas
512 3355 572 3401 been
584 3353 679 3400 noticed
691 3355 722 3414 by
734 3353 821 3400 oritics.
860 3354 913 3401 The
923 3352 1012 3400 former
1022 3367 1058 3398 an-

117 3436 192 3538 prqleqs
209 3433 234 3470 to
251 3423 291 3470 the
302 3420 421 3484 question,
436 3421 500 3468 Wbo
511 3420 586 3468 killed
598 3419 668 3468 him?
687 3422 740 3469 The
751 3420 821 3468 latter
832 3429 864 3479 to,
880 3421 971 3468 Whom
983 3418 1023 3467 did
1032 3420 1058 3466 he

135 3504 143 3534 1
