<?xml version="1.0" encoding="UTF-8"?>
<!DOCTYPE html PUBLIC "-//W3C//DTD XHTML 1.0 Transitional//EN"
    "http://www.w3.org/TR/xhtml1/DTD/xhtml1-transitional.dtd">
<html xmlns="http://www.w3.org/1999/xhtml" xml:lang="en" lang="en">
 <head>
  <title>
</title>
<meta http-equiv="Content-Type" content="text/html;charset=utf-8" />
  <meta name='ocr-system' content='tesseract 3.04.00' />
  <meta name='ocr-capabilities' content='ocr_page ocr_carea ocr_par ocr_line ocrx_word'/>
</head>
<body>
  <div class='ocr_page' id='page_1' title='image "./titiliviipatavi04livygoog_0013.png"; bbox 0 0 2232 3862; ppageno 0'>
   <div class='ocr_carea' id='block_1_1' title="bbox 209 377 841 684">
    <p class='ocr_par' dir='ltr' id='par_1_1' title="bbox 209 377 841 684">
     <span class='ocr_line' id='line_1_1' title="bbox 210 377 748 446; baseline -0.002 -2"><span class='ocrx_word' id='word_1_1' title='bbox 210 425 212 432; x_wconf 69' lang='lat'><em>,</em></span> <span class='ocrx_word' id='word_1_2' title='bbox 308 379 350 444; x_wconf 92' lang='lat' dir='ltr'><em>T.</em></span> <span class='ocrx_word' id='word_1_3' title='bbox 375 378 495 446; x_wconf 94' lang='lat' dir='ltr'><strong>LIVII</strong></span> <span class='ocrx_word' id='word_1_4' title='bbox 519 377 748 445; x_wconf 89' lang='lat' dir='ltr'><strong>PATAVINI</strong></span> 
     </span>
     <span class='ocr_line' id='line_1_2' title="bbox 209 549 841 684; baseline -0.003 -54"><span class='ocrx_word' id='word_1_5' title='bbox 209 549 841 684; x_wconf 66' lang='lat' dir='ltr'><strong>HISTORIARUM</strong></span> 
     </span>
    </p>
   </div>
   <div class='ocr_carea' id='block_1_2' title="bbox 351 731 708 781">
    <p class='ocr_par' dir='ltr' id='par_1_2' title="bbox 351 731 708 781">
     <span class='ocr_line' id='line_1_3' title="bbox 351 731 708 781; baseline -0.008 0"><span class='ocrx_word' id='word_1_6' title='bbox 351 733 402 781; x_wconf 84' lang='lat' dir='ltr'><em>AB</em></span> <span class='ocrx_word' id='word_1_7' title='bbox 422 731 521 781; x_wconf 83' lang='lat' dir='ltr'>URBE</span> <span class='ocrx_word' id='word_1_8' title='bbox 541 731 708 780; x_wconf 79' lang='lat' dir='ltr'>CONDITA</span> 
     </span>
    </p>
   </div>
   <div class='ocr_carea' id='block_1_3' title="bbox 372 875 685 938">
    <p class='ocr_par' dir='ltr' id='par_1_3' title="bbox 372 875 685 938">
     <span class='ocr_line' id='line_1_4' title="bbox 372 875 685 938; baseline -0.01 -2"><span class='ocrx_word' id='word_1_9' title='bbox 372 875 497 936; x_wconf 87' lang='lat' dir='ltr'>LIBER</span> <span class='ocrx_word' id='word_1_10' title='bbox 520 875 685 938; x_wconf 87' lang='lat' dir='ltr'>PRIMUS.</span> 
     </span>
    </p>
   </div>
   <div class='ocr_carea' id='block_1_4' title="bbox 469 1083 589 1095">
    <p class='ocr_par' dir='ltr' id='par_1_4' title="bbox 469 1083 589 1095">
     <span class='ocr_line' id='line_1_5' title="bbox 469 1083 589 1095; baseline -0.008 0"><span class='ocrx_word' id='word_1_11' title='bbox 469 1083 589 1095; x_wconf 68' lang='lat' dir='ltr'><em>-unu</em></span> 
     </span>
    </p>
   </div>
   <div class='ocr_carea' id='block_1_5' title="bbox 440 1213 618 1265">
    <p class='ocr_par' dir='ltr' id='par_1_5' title="bbox 440 1213 618 1265">
     <span class='ocr_line' id='line_1_6' title="bbox 440 1213 618 1265; baseline -0.006 -2"><span class='ocrx_word' id='word_1_12' title='bbox 440 1213 618 1265; x_wconf 80' lang='lat' dir='ltr'><em>EPITOME.</em></span> 
     </span>
    </p>
   </div>
   <div class='ocr_carea' id='block_1_6' title="bbox 59 1357 1004 3701">
    <p class='ocr_par' dir='ltr' id='par_1_6' title="bbox 59 1357 1000 2147">
     <span class='ocr_line' id='line_1_7' title="bbox 94 1357 999 1440; baseline -0.001 -22"><span class='ocrx_word' id='word_1_13' title='bbox 94 1361 117 1429; x_wconf 94' lang='lat' dir='ltr'><em>I,</em></span> <span class='ocrx_word' id='word_1_14' title='bbox 128 1359 171 1419; x_wconf 91' lang='lat' dir='ltr'><em>II.</em></span> <span class='ocrx_word' id='word_1_15' title='bbox 186 1359 335 1420; x_wconf 73' lang='lat' dir='ltr'><em>Adventus</em></span> <span class='ocrx_word' id='word_1_16' title='bbox 344 1359 454 1420; x_wconf 80' lang='lat' dir='ltr'><em>Aeneae</em></span> <span class='ocrx_word' id='word_1_17' title='bbox 467 1361 495 1420; x_wconf 90' lang='lat' dir='ltr'><em>in</em></span> <span class='ocrx_word' id='word_1_18' title='bbox 507 1359 631 1431; x_wconf 84' lang='lat' dir='ltr'><em>Italiam,</em></span> <span class='ocrx_word' id='word_1_19' title='bbox 646 1368 672 1419; x_wconf 93' lang='lat' dir='ltr'><em>et</em></span> <span class='ocrx_word' id='word_1_20' title='bbox 685 1379 729 1420; x_wconf 87' lang='lat' dir='ltr'><em>res</em></span> <span class='ocrx_word' id='word_1_21' title='bbox 739 1357 773 1418; x_wconf 85' lang='lat' dir='ltr'><em>ab</em></span> <span class='ocrx_word' id='word_1_22' title='bbox 784 1379 815 1419; x_wconf 88' lang='lat' dir='ltr'><em>eo</em></span> <span class='ocrx_word' id='word_1_23' title='bbox 825 1367 920 1440; x_wconf 78' lang='lat' dir='ltr'><em>gestae</em></span> <span class='ocrx_word' id='word_1_24' title='bbox 929 1359 999 1438; x_wconf 89' lang='lat' dir='ltr'><em>rese·</em></span> 
     </span>
     <span class='ocr_line' id='line_1_8' title="bbox 59 1437 999 1519; baseline 0 -24"><span class='ocrx_word' id='word_1_25' title='bbox 59 1447 168 1496; x_wconf 81' lang='lat' dir='ltr'><em>mutar.</em></span> <span class='ocrx_word' id='word_1_26' title='bbox 209 1439 266 1498; x_wconf 92' lang='lat'><em>111.</em></span> <span class='ocrx_word' id='word_1_27' title='bbox 288 1437 408 1497; x_wconf 84' lang='lat' dir='ltr'><em>Ascanii</em></span> <span class='ocrx_word' id='word_1_28' title='bbox 420 1459 533 1519; x_wconf 88' lang='lat' dir='ltr'><em>regnum</em></span> <span class='ocrx_word' id='word_1_29' title='bbox 548 1439 646 1508; x_wconf 83' lang='lat' dir='ltr'><em>Albae,</em></span> <span class='ocrx_word' id='word_1_30' title='bbox 660 1448 685 1498; x_wconf 92' lang='lat' dir='ltr'><em>et</em></span> <span class='ocrx_word' id='word_1_31' title='bbox 699 1439 824 1519; x_wconf 78' lang='lat' dir='ltr'><em>deinceps</em></span> <span class='ocrx_word' id='word_1_32' title='bbox 840 1437 999 1498; x_wconf 85' lang='lat' dir='ltr'><em>Siluiorum.</em></span> 
     </span>
     <span class='ocr_line' id='line_1_9' title="bbox 60 1515 999 1598; baseline -0.001 -23"><span class='ocrx_word' id='word_1_33' title='bbox 60 1518 112 1575; x_wconf 89' lang='lat' dir='ltr'><em>IV.</em></span> <span class='ocrx_word' id='word_1_34' title='bbox 125 1517 287 1576; x_wconf 89' lang='lat' dir='ltr'><em>Numitoris</em></span> <span class='ocrx_word' id='word_1_35' title='bbox 288 1516 369 1592; x_wconf 80' lang='lat' dir='ltr'><em>filib,</em></span> <span class='ocrx_word' id='word_1_36' title='bbox 381 1537 398 1574; x_wconf 91' lang='lat' dir='ltr'><em>a</em></span> <span class='ocrx_word' id='word_1_37' title='bbox 410 1518 509 1577; x_wconf 75' lang='lat' dir='ltr'><em>biorn</em></span> <span class='ocrx_word' id='word_1_38' title='bbox 518 1519 679 1598; x_wconf 70' lang='lat' dir='ltr'><em>compressi,</em></span> <span class='ocrx_word' id='word_1_39' title='bbox 691 1517 751 1576; x_wconf 88' lang='lat' dir='ltr'><em>uati</em></span> <span class='ocrx_word' id='word_1_40' title='bbox 759 1515 896 1576; x_wconf 83' lang='lat' dir='ltr'><em>Romulus</em></span> <span class='ocrx_word' id='word_1_41' title='bbox 905 1525 931 1576; x_wconf 87' lang='lat' dir='ltr'><em>et</em></span> <span class='ocrx_word' id='word_1_42' title='bbox 942 1515 999 1574; x_wconf 83' lang='lat' dir='ltr'><em>lle·</em></span> 
     </span>
     <span class='ocr_line' id='line_1_10' title="bbox 61 1593 998 1657; baseline 0 -6"><span class='ocrx_word' id='word_1_43' title='bbox 61 1614 129 1654; x_wconf 88' lang='lat' dir='ltr'><em>mus.</em></span> <span class='ocrx_word' id='word_1_44' title='bbox 155 1597 191 1655; x_wconf 92' lang='lat' dir='ltr'><em>V.</em></span> <span class='ocrx_word' id='word_1_45' title='bbox 207 1593 338 1654; x_wconf 80' lang='lat' dir='ltr'><em>Amulius</em></span> <span class='ocrx_word' id='word_1_46' title='bbox 352 1595 537 1654; x_wconf 89' lang='lat' dir='ltr'><em>obtruncatus.</em></span> <span class='ocrx_word' id='word_1_47' title='bbox 565 1597 616 1655; x_wconf 95' lang='lat' dir='ltr'><em>VI.</em></span> <span class='ocrx_word' id='word_1_48' title='bbox 637 1597 737 1657; x_wconf 88' lang='lat' dir='ltr'><em>Urbsa</em></span> <span class='ocrx_word' id='word_1_49' title='bbox 748 1595 868 1654; x_wconf 82' lang='lat' dir='ltr'><em>Romulo</em></span> <span class='ocrx_word' id='word_1_50' title='bbox 877 1594 998 1653; x_wconf 88' lang='lat' dir='ltr'><em>condita.</em></span> 
     </span>
     <span class='ocr_line' id='line_1_11' title="bbox 61 1671 999 1754; baseline 0.001 -24"><span class='ocrx_word' id='word_1_51' title='bbox 61 1674 143 1733; x_wconf 90' lang='lat' dir='ltr'><strong>VIII.</strong></span> <span class='ocrx_word' id='word_1_52' title='bbox 160 1675 284 1735; x_wconf 79' lang='lat' dir='ltr'><em>Senatum</em></span> <span class='ocrx_word' id='word_1_53' title='bbox 297 1673 389 1732; x_wconf 87' lang='lat' dir='ltr'><em>lectus.</em></span> <span class='ocrx_word' id='word_1_54' title='bbox 429 1675 465 1732; x_wconf 90' lang='lat' dir='ltr'><em>X.</em></span> <span class='ocrx_word' id='word_1_55' title='bbox 482 1675 582 1754; x_wconf 89' lang='lat' dir='ltr'><em>Opima</em></span> <span class='ocrx_word' id='word_1_56' title='bbox 600 1680 621 1734; x_wconf 87' lang='lat' dir='ltr'><em>S</em></span> <span class='ocrx_word' id='word_1_57' title='bbox 640 1673 696 1734; x_wconf 90' lang='lat' dir='ltr'><em>alia</em></span> <span class='ocrx_word' id='word_1_58' title='bbox 709 1675 778 1735; x_wconf 79' lang='lat' dir='ltr'><em>doni</em></span> <span class='ocrx_word' id='word_1_59' title='bbox 791 1673 918 1733; x_wconf 77' lang='lat' dir='ltr'><em>Feretrio</em></span> <span class='ocrx_word' id='word_1_60' title='bbox 931 1671 999 1731; x_wconf 92' lang='lat' dir='ltr'><em>lata.</em></span> 
     </span>
     <span class='ocr_line' id='line_1_12' title="bbox 62 1751 999 1833; baseline 0 -23"><span class='ocrx_word' id='word_1_61' title='bbox 62 1753 113 1811; x_wconf 95' lang='lat' dir='ltr'><em>XI.</em></span> <span class='ocrx_word' id='word_1_62' title='bbox 131 1755 201 1812; x_wconf 88' lang='lat' dir='ltr'><em>Cum</em></span> <span class='ocrx_word' id='word_1_63' title='bbox 219 1753 331 1811; x_wconf 77' lang='lat' dir='ltr'><em>Sabinis</em></span> <span class='ocrx_word' id='word_1_64' title='bbox 344 1751 480 1812; x_wconf 88' lang='lat' dir='ltr'><em>bellatum.</em></span> <span class='ocrx_word' id='word_1_65' title='bbox 508 1754 591 1812; x_wconf 90' lang='lat' dir='ltr'><strong>XIII.</strong></span> <span class='ocrx_word' id='word_1_66' title='bbox 624 1755 744 1812; x_wconf 86' lang='lat' dir='ltr'><em>neurius</em></span> <span class='ocrx_word' id='word_1_67' title='bbox 756 1751 999 1833; x_wconf 87' lang='lat' dir='ltr'><em>papulusdivisus.</em></span> 
     </span>
     <span class='ocr_line' id='line_1_13' title="bbox 62 1830 999 1910; baseline 0 -21"><span class='ocrx_word' id='word_1_68' title='bbox 62 1832 144 1903; x_wconf 86' lang='lat' dir='ltr'><strong>XIV,</strong></span> <span class='ocrx_word' id='word_1_69' title='bbox 156 1833 221 1890; x_wconf 86' lang='lat' dir='ltr'><em>XV.</em></span> <span class='ocrx_word' id='word_1_70' title='bbox 233 1830 384 1890; x_wconf 76' lang='lat' dir='ltr'><em>Fidenates</em></span> <span class='ocrx_word' id='word_1_71' title='bbox 394 1841 420 1890; x_wconf 87' lang='lat' dir='ltr'><em>et</em></span> <span class='ocrx_word' id='word_1_72' title='bbox 437 1833 558 1910; x_wconf 78' lang='lat' dir='ltr'><em>Vejeutes</em></span> <span class='ocrx_word' id='word_1_73' title='bbox 568 1833 640 1892; x_wconf 83' lang='lat' dir='ltr'><em>uicti.</em></span> <span class='ocrx_word' id='word_1_74' title='bbox 669 1833 750 1891; x_wconf 89' lang='lat' dir='ltr'><strong>XVI.</strong></span> <span class='ocrx_word' id='word_1_75' title='bbox 761 1830 897 1890; x_wconf 80' lang='lat' dir='ltr'><em>Romulus</em></span> <span class='ocrx_word' id='word_1_76' title='bbox 907 1850 999 1889; x_wconf 88' lang='lat' dir='ltr'><em>couse-</em></span> 
     </span>
     <span class='ocr_line' id='line_1_14' title="bbox 64 1907 998 1992; baseline -0.003 -24"><span class='ocrx_word' id='word_1_77' title='bbox 64 1919 163 1970; x_wconf 86' lang='lat' dir='ltr'><em>cratus.</em></span> <span class='ocrx_word' id='word_1_78' title='bbox 197 1910 309 1978; x_wconf 93' lang='lat' dir='ltr'><strong>XVIII,</strong></span> <span class='ocrx_word' id='word_1_79' title='bbox 324 1911 374 1968; x_wconf 73' lang='lat' dir='ltr'><em>&amp;a</em></span> <span class='ocrx_word' id='word_1_80' title='bbox 388 1912 484 1970; x_wconf 89' lang='lat' dir='ltr'><em>Numa</em></span> <span class='ocrx_word' id='word_1_81' title='bbox 499 1911 656 1992; x_wconf 79' lang='lat' dir='ltr'><em>Pompilius</em></span> <span class='ocrx_word' id='word_1_82' title='bbox 670 1911 741 1970; x_wconf 92' lang='lat' dir='ltr'><em>ritus</em></span> <span class='ocrx_word' id='word_1_83' title='bbox 754 1929 895 1971; x_wconf 85' lang='lat' dir='ltr'><em>sacrorum</em></span> <span class='ocrx_word' id='word_1_84' title='bbox 909 1907 998 1966; x_wconf 89' lang='lat' dir='ltr'><em>tradi-</em></span> 
     </span>
     <span class='ocr_line' id='line_1_15' title="bbox 65 1987 999 2070; baseline -0.002 -24"><span class='ocrx_word' id='word_1_85' title='bbox 65 1989 124 2046; x_wconf 86' lang='lat' dir='ltr'><em>dit:</em></span> <span class='ocrx_word' id='word_1_86' title='bbox 137 1991 217 2049; x_wconf 69' lang='lat' dir='ltr'><em>,lano</em></span> <span class='ocrx_word' id='word_1_87' title='bbox 225 1987 356 2067; x_wconf 88' lang='lat' dir='ltr'><em>templum</em></span> <span class='ocrx_word' id='word_1_88' title='bbox 366 1989 505 2047; x_wconf 90' lang='lat' dir='ltr'><em>coustituit</em></span> <span class='ocrx_word' id='word_1_89' title='bbox 513 2014 526 2058; x_wconf 90' lang='lat'><em>,·</em></span> <span class='ocrx_word' id='word_1_90' title='bbox 544 1994 781 2070; x_wconf 83' lang='lat' dir='ltr'><em>cp&#39;usqueportom,</em></span> <span class='ocrx_word' id='word_1_91' title='bbox 788 1987 900 2068; x_wconf 89' lang='lat' dir='ltr'><em>pacatis</em></span> <span class='ocrx_word' id='word_1_92' title='bbox 911 1987 999 2046; x_wconf 91' lang='lat' dir='ltr'><em>omni·</em></span> 
     </span>
     <span class='ocr_line' id='line_1_16' title="bbox 65 2065 1000 2147; baseline 0 -23"><span class='ocrx_word' id='word_1_93' title='bbox 65 2067 113 2125; x_wconf 83' lang='lat' dir='ltr'><em>bns</em></span> <span class='ocrx_word' id='word_1_94' title='bbox 125 2068 199 2127; x_wconf 79' lang='lat' dir='ltr'><em>circd</em></span> <span class='ocrx_word' id='word_1_95' title='bbox 207 2067 329 2147; x_wconf 87' lang='lat' dir='ltr'><em>populis,</em></span> <span class='ocrx_word' id='word_1_96' title='bbox 339 2067 447 2146; x_wconf 85' lang='lat' dir='ltr'><em>primus</em></span> <span class='ocrx_word' id='word_1_97' title='bbox 460 2067 567 2126; x_wconf 85' lang='lat' dir='ltr'><em>clausit.</em></span> <span class='ocrx_word' id='word_1_98' title='bbox 604 2071 673 2127; x_wconf 90' lang='lat' dir='ltr'><em>Cum</em></span> <span class='ocrx_word' id='word_1_99' title='bbox 686 2069 739 2126; x_wconf 89' lang='lat' dir='ltr'><em>dea</em></span> <span class='ocrx_word' id='word_1_100' title='bbox 751 2067 858 2146; x_wconf 83' lang='lat' dir='ltr'><em>Egeria</em></span> <span class='ocrx_word' id='word_1_101' title='bbox 871 2065 923 2123; x_wconf 86' lang='lat' dir='ltr'><em>sibi</em></span> <span class='ocrx_word' id='word_1_102' title='bbox 936 2085 1000 2124; x_wconf 89' lang='lat' dir='ltr'><em>con·</em></span> 
     </span>
    </p>

    <p class='ocr_par' dir='ltr' id='par_1_7' title="bbox 61 2143 1004 3644">
     <span class='ocr_line' id='line_1_17' title="bbox 86 2143 1000 2226; baseline -0.002 -22"><span class='ocrx_word' id='word_1_103' title='bbox 86 2167 171 2204; x_wconf 84' lang='lat' dir='ltr'><em>sessus</em></span> <span class='ocrx_word' id='word_1_104' title='bbox 184 2156 333 2204; x_wconf 89' lang='lat' dir='ltr'><em>nocturnos</em></span> <span class='ocrx_word' id='word_1_105' title='bbox 342 2165 399 2203; x_wconf 88' lang='lat' dir='ltr'><em>esse</em></span> <span class='ocrx_word' id='word_1_106' title='bbox 407 2145 548 2215; x_wconf 88' lang='lat' dir='ltr'><em>simulans,</em></span> <span class='ocrx_word' id='word_1_107' title='bbox 550 2149 666 2226; x_wconf 75' lang='lat' dir='ltr'><em>stroees</em></span> <span class='ocrx_word' id='word_1_108' title='bbox 675 2145 774 2226; x_wconf 86' lang='lat' dir='ltr'><em>populi</em></span> <span class='ocrx_word' id='word_1_109' title='bbox 787 2145 894 2203; x_wconf 87' lang='lat' dir='ltr'><em>animos</em></span> <span class='ocrx_word' id='word_1_110' title='bbox 906 2143 945 2201; x_wconf 88' lang='lat' dir='ltr'><em>ad</em></span> <span class='ocrx_word' id='word_1_111' title='bbox 957 2164 1000 2202; x_wconf 82' lang='lat' dir='ltr'><em>rc·</em></span> 
     </span>
     <span class='ocr_line' id='line_1_18' title="bbox 61 2166 1000 2303; baseline 0.004 -23"><span class='ocrx_word' id='word_1_112' title='bbox 61 2166 191 2302; x_wconf 66' lang='lat' dir='ltr'><em>bigionem</em></span> <span class='ocrx_word' id='word_1_113' title='bbox 203 2223 332 2303; x_wconf 80' lang='lat' dir='ltr'><em>perpulit.</em></span> <span class='ocrx_word' id='word_1_114' title='bbox 359 2225 455 2294; x_wconf 94' lang='lat' dir='ltr'><strong>XXII,</strong></span> <span class='ocrx_word' id='word_1_115' title='bbox 465 2226 515 2284; x_wconf 75' lang='lat' dir='ltr'><em>Suc.</em></span> <span class='ocrx_word' id='word_1_116' title='bbox 535 2225 633 2284; x_wconf 84' lang='lat' dir='ltr'><em>Tullus</em></span> <span class='ocrx_word' id='word_1_117' title='bbox 643 2225 785 2284; x_wconf 82' lang='lat' dir='ltr'><em>Hostilius</em></span> <span class='ocrx_word' id='word_1_118' title='bbox 795 2223 919 2282; x_wconf 84' lang='lat' dir='ltr'><em>Albanos</em></span> <span class='ocrx_word' id='word_1_119' title='bbox 931 2221 1000 2284; x_wconf 89' lang='lat' dir='ltr'><em>bello</em></span> 
     </span>
     <span class='ocr_line' id='line_1_19' title="bbox 64 2302 1001 2385; baseline 0.003 -26"><span class='ocrx_word' id='word_1_120' title='bbox 64 2303 151 2378; x_wconf 86' lang='lat' dir='ltr'><em>petiit.</em></span> <span class='ocrx_word' id='word_1_121' title='bbox 176 2303 269 2360; x_wconf 91' lang='lat' dir='ltr'><strong>XXV.</strong></span> <span class='ocrx_word' id='word_1_122' title='bbox 284 2302 421 2362; x_wconf 88' lang='lat' dir='ltr'><em>Postbaec</em></span> <span class='ocrx_word' id='word_1_123' title='bbox 430 2305 468 2360; x_wconf 86' lang='lat' dir='ltr'><em>tri</em></span> <span class='ocrx_word' id='word_1_124' title='bbox 486 2304 637 2363; x_wconf 86' lang='lat' dir='ltr'><em>aminarum</em></span> <span class='ocrx_word' id='word_1_125' title='bbox 649 2325 755 2385; x_wconf 80' lang='lat' dir='ltr'><em>pugna.</em></span> <span class='ocrx_word' id='word_1_126' title='bbox 782 2302 892 2363; x_wconf 92' lang='lat' dir='ltr'><strong>XXVI.</strong></span> <span class='ocrx_word' id='word_1_127' title='bbox 903 2305 1001 2362; x_wconf 89' lang='lat' dir='ltr'><em>Hora·</em></span> 
     </span>
     <span class='ocr_line' id='line_1_20' title="bbox 68 2380 1000 2464; baseline 0.008 -29"><span class='ocrx_word' id='word_1_128' title='bbox 68 2380 120 2438; x_wconf 89' lang='lat' dir='ltr'><em>tius</em></span> <span class='ocrx_word' id='word_1_129' title='bbox 132 2381 278 2440; x_wconf 87' lang='lat' dir='ltr'><em>absolutus.</em></span> <span class='ocrx_word' id='word_1_130' title='bbox 305 2383 445 2440; x_wconf 89' lang='lat' dir='ltr'><strong>XXVIII.</strong></span> <span class='ocrx_word' id='word_1_131' title='bbox 499 2390 548 2441; x_wconf 83' lang='lat' dir='ltr'><em>elli</em></span> <span class='ocrx_word' id='word_1_132' title='bbox 562 2383 862 2464; x_wconf 76' lang='lat' dir='ltr'><em>Fsiffetiisupplicium.</em></span> <span class='ocrx_word' id='word_1_133' title='bbox 890 2382 1000 2443; x_wconf 92' lang='lat' dir='ltr'><strong>XXIX.</strong></span> 
     </span>
     <span class='ocr_line' id='line_1_21' title="bbox 70 2457 1001 2542; baseline 0.006 -26"><span class='ocrx_word' id='word_1_134' title='bbox 70 2457 139 2517; x_wconf 86' lang='lat' dir='ltr'><em>Alba</em></span> <span class='ocrx_word' id='word_1_135' title='bbox 156 2459 262 2518; x_wconf 89' lang='lat' dir='ltr'><em>diruto.</em></span> <span class='ocrx_word' id='word_1_136' title='bbox 300 2461 395 2520; x_wconf 90' lang='lat' dir='ltr'><strong>XXX.</strong></span> <span class='ocrx_word' id='word_1_137' title='bbox 411 2460 515 2520; x_wconf 81' lang='lat' dir='ltr'><em>Albani</em></span> <span class='ocrx_word' id='word_1_138' title='bbox 532 2463 717 2524; x_wconf 75' lang='lat' dir='ltr'><em>inuisitatem</em></span> <span class='ocrx_word' id='word_1_139' title='bbox 735 2463 843 2542; x_wconf 80' lang='lat' dir='ltr'><em>recepti.</em></span> <span class='ocrx_word' id='word_1_140' title='bbox 886 2463 1001 2522; x_wconf 85' lang='lat' dir='ltr'><em>Sabinis</em></span> 
     </span>
     <span class='ocr_line' id='line_1_22' title="bbox 69 2535 1000 2622; baseline 0.011 -30"><span class='ocrx_word' id='word_1_141' title='bbox 69 2535 312 2597; x_wconf 88' lang='lat' dir='ltr'><em>bellumindictum.</em></span> <span class='ocrx_word' id='word_1_142' title='bbox 341 2541 450 2600; x_wconf 94' lang='lat' dir='ltr'><strong>XXXI.</strong></span> <span class='ocrx_word' id='word_1_143' title='bbox 466 2541 515 2598; x_wconf 83' lang='lat' dir='ltr'><em>Ad</em></span> <span class='ocrx_word' id='word_1_144' title='bbox 523 2552 690 2622; x_wconf 87' lang='lat' dir='ltr'><em>postremum</em></span> <span class='ocrx_word' id='word_1_145' title='bbox 693 2541 821 2620; x_wconf 81' lang='lat' dir='ltr'><em>fulmine</em></span> <span class='ocrx_word' id='word_1_146' title='bbox 839 2541 938 2600; x_wconf 86' lang='lat' dir='ltr'><em>Tullus</em></span> <span class='ocrx_word' id='word_1_147' title='bbox 951 2542 1000 2602; x_wconf 89' lang='lat' dir='ltr'><em>ab·</em></span> 
     </span>
     <span class='ocr_line' id='line_1_23' title="bbox 69 2619 1001 2704; baseline 0.01 -33"><span class='ocrx_word' id='word_1_148' title='bbox 69 2626 194 2704; x_wconf 84' lang='lat' dir='ltr'><em>sumptus.</em></span> <span class='ocrx_word' id='word_1_149' title='bbox 233 2619 358 2678; x_wconf 90' lang='lat' dir='ltr'><strong>XXXII.</strong></span> <span class='ocrx_word' id='word_1_150' title='bbox 371 2621 465 2679; x_wconf 83' lang='lat' dir='ltr'><em>Ancus</em></span> <span class='ocrx_word' id='word_1_151' title='bbox 481 2621 612 2682; x_wconf 88' lang='lat' dir='ltr'><em>Marcius</em></span> <span class='ocrx_word' id='word_1_152' title='bbox 625 2621 800 2690; x_wconf 86' lang='lat' dir='ltr'><em>ceremonias,</em></span> <span class='ocrx_word' id='word_1_153' title='bbox 814 2642 832 2678; x_wconf 91' lang='lat' dir='ltr'><em>a</em></span> <span class='ocrx_word' id='word_1_154' title='bbox 847 2622 943 2680; x_wconf 84' lang='lat' dir='ltr'><em>Numa</em></span> <span class='ocrx_word' id='word_1_155' title='bbox 957 2623 1001 2680; x_wconf 89' lang='lat' dir='ltr'><em>iu·</em></span> 
     </span>
     <span class='ocr_line' id='line_1_24' title="bbox 71 2698 1000 2770; baseline 0.009 -21"><span class='ocrx_word' id='word_1_156' title='bbox 71 2701 182 2765; x_wconf 76' lang='lat' dir='ltr'><em>statutas,</em></span> <span class='ocrx_word' id='word_1_157' title='bbox 203 2699 366 2756; x_wconf 86' lang='lat' dir='ltr'><em>renovavit:</em></span> <span class='ocrx_word' id='word_1_158' title='bbox 387 2699 528 2759; x_wconf 92' lang='lat' dir='ltr'><strong>XXXIII.</strong></span> <span class='ocrx_word' id='word_1_159' title='bbox 543 2703 656 2761; x_wconf 87' lang='lat' dir='ltr'><em>Latinis</em></span> <span class='ocrx_word' id='word_1_160' title='bbox 671 2700 757 2770; x_wconf 86' lang='lat' dir='ltr'><em>uictis,</em></span> <span class='ocrx_word' id='word_1_161' title='bbox 772 2709 798 2758; x_wconf 90' lang='lat' dir='ltr'><em>et</em></span> <span class='ocrx_word' id='word_1_162' title='bbox 811 2700 851 2757; x_wconf 86' lang='lat' dir='ltr'><em>ad</em></span> <span class='ocrx_word' id='word_1_163' title='bbox 862 2698 1000 2759; x_wconf 85' lang='lat' dir='ltr'><em>ciuitatem</em></span> 
     </span>
     <span class='ocr_line' id='line_1_25' title="bbox 72 2772 1001 2860; baseline 0.009 -32"><span class='ocrx_word' id='word_1_164' title='bbox 72 2772 183 2844; x_wconf 81' lang='lat' dir='ltr'><em>adscitis,</em></span> <span class='ocrx_word' id='word_1_165' title='bbox 198 2786 314 2834; x_wconf 86' lang='lat' dir='ltr'><em>montem</em></span> <span class='ocrx_word' id='word_1_166' title='bbox 331 2779 499 2838; x_wconf 84' lang='lat' dir='ltr'><em>Auentinum</em></span> <span class='ocrx_word' id='word_1_167' title='bbox 513 2780 684 2860; x_wconf 85' lang='lat' dir='ltr'><em>assignavit:</em></span> <span class='ocrx_word' id='word_1_168' title='bbox 708 2778 887 2846; x_wconf 88' lang='lat' dir='ltr'><em>Politorium,</em></span> <span class='ocrx_word' id='word_1_169' title='bbox 906 2780 1001 2839; x_wconf 88' lang='lat' dir='ltr'><em>urbem</em></span> 
     </span>
     <span class='ocr_line' id='line_1_26' title="bbox 73 2849 1000 2939; baseline 0.012 -33"><span class='ocrx_word' id='word_1_170' title='bbox 73 2849 241 2922; x_wconf 86' lang='lat' dir='ltr'><em>Latinorum,</em></span> <span class='ocrx_word' id='word_1_171' title='bbox 254 2855 322 2914; x_wconf 89' lang='lat' dir='ltr'><em>bello</em></span> <span class='ocrx_word' id='word_1_172' title='bbox 333 2877 362 2914; x_wconf 88' lang='lat' dir='ltr'><em>re</em></span> <span class='ocrx_word' id='word_1_173' title='bbox 381 2857 484 2928; x_wconf 92' lang='lat' dir='ltr'><em>etitam,</em></span> <span class='ocrx_word' id='word_1_174' title='bbox 496 2879 577 2938; x_wconf 85' lang='lat' dir='ltr'><em>qnam</em></span> <span class='ocrx_word' id='word_1_175' title='bbox 586 2859 673 2939; x_wconf 86' lang='lat' dir='ltr'><em>prisci</em></span> <span class='ocrx_word' id='word_1_176' title='bbox 683 2858 781 2916; x_wconf 90' lang='lat' dir='ltr'><em>Latini</em></span> <span class='ocrx_word' id='word_1_177' title='bbox 792 2866 1000 2935; x_wconf 85' lang='lat' dir='ltr'><em>occupaverant,</em></span> 
     </span>
     <span class='ocr_line' id='line_1_27' title="bbox 75 2879 1001 3015; baseline 0.013 -33"><span class='ocrx_word' id='word_1_178' title='bbox 75 2927 160 2986; x_wconf 85' lang='lat' dir='ltr'><em>diruit.</em></span> <span class='ocrx_word' id='word_1_179' title='bbox 192 2933 312 2991; x_wconf 87' lang='lat' dir='ltr'><em>Pontem</em></span> <span class='ocrx_word' id='word_1_180' title='bbox 326 2879 469 2994; x_wconf 74' lang='lat' dir='ltr'><em>sublicium</em></span> <span class='ocrx_word' id='word_1_181' title='bbox 484 2939 512 2995; x_wconf 91' lang='lat' dir='ltr'><em>in</em></span> <span class='ocrx_word' id='word_1_182' title='bbox 529 2938 650 2996; x_wconf 89' lang='lat' dir='ltr'><em>Tiberim</em></span> <span class='ocrx_word' id='word_1_183' title='bbox 652 2937 738 3015; x_wconf 87' lang='lat' dir='ltr'><em>fecit.</em></span> <span class='ocrx_word' id='word_1_184' title='bbox 771 2933 1001 2996; x_wconf 82' lang='lat' dir='ltr'><em>daniculumcal·</em></span> 
     </span>
     <span class='ocr_line' id='line_1_28' title="bbox 75 3002 1000 3096; baseline 0.019 -38"><span class='ocrx_word' id='word_1_185' title='bbox 75 3002 122 3060; x_wconf 87' lang='lat' dir='ltr'><em>lem</em></span> <span class='ocrx_word' id='word_1_186' title='bbox 133 3009 323 3072; x_wconf 86' lang='lat' dir='ltr'><em>urbioddidit.</em></span> <span class='ocrx_word' id='word_1_187' title='bbox 358 3017 443 3074; x_wconf 87' lang='lat' dir='ltr'><em>Fines</em></span> <span class='ocrx_word' id='word_1_188' title='bbox 458 3016 569 3096; x_wconf 88' lang='lat' dir='ltr'><em>imperii</em></span> <span class='ocrx_word' id='word_1_189' title='bbox 577 3016 705 3096; x_wconf 89' lang='lat' dir='ltr'><em>protulit.</em></span> <span class='ocrx_word' id='word_1_190' title='bbox 741 3014 849 3072; x_wconf 88' lang='lat' dir='ltr'><em>Ostiam</em></span> <span class='ocrx_word' id='word_1_191' title='bbox 867 3015 1000 3076; x_wconf 85' lang='lat' dir='ltr'><em>condidit.</em></span> 
     </span>
     <span class='ocr_line' id='line_1_29' title="bbox 74 3082 1001 3173; baseline 0.009 -27"><span class='ocrx_word' id='word_1_192' title='bbox 74 3082 203 3162; x_wconf 72' lang='lat' dir='ltr'><em>Regnavit</em></span> <span class='ocrx_word' id='word_1_193' title='bbox 215 3111 304 3150; x_wconf 90' lang='lat' dir='ltr'><em>annos</em></span> <span class='ocrx_word' id='word_1_194' title='bbox 318 3093 556 3173; x_wconf 83' lang='lat' dir='ltr'><em>vigintiquatuor.</em></span> <span class='ocrx_word' id='word_1_195' title='bbox 583 3095 721 3154; x_wconf 93' lang='lat' dir='ltr'><strong>XXXIV.</strong></span> <span class='ocrx_word' id='word_1_196' title='bbox 735 3093 777 3150; x_wconf 83' lang='lat' dir='ltr'><em>Eo</em></span> <span class='ocrx_word' id='word_1_197' title='bbox 788 3102 930 3171; x_wconf 86' lang='lat' dir='ltr'><em>regnante,</em></span> <span class='ocrx_word' id='word_1_198' title='bbox 941 3096 1001 3154; x_wconf 91' lang='lat' dir='ltr'><em>Lu·</em></span> 
     </span>
     <span class='ocr_line' id='line_1_30' title="bbox 74 3167 1004 3253; baseline 0.022 -38"><span class='ocrx_word' id='word_1_199' title='bbox 74 3179 143 3221; x_wconf 87' lang='lat' dir='ltr'><em>cumo</em></span> <span class='ocrx_word' id='word_1_200' title='bbox 151 3167 304 3229; x_wconf 83' lang='lat' dir='ltr'><em>Demarati</em></span> <span class='ocrx_word' id='word_1_201' title='bbox 317 3173 553 3252; x_wconf 77' lang='lat' dir='ltr'><em>Coriutbiifilius,</em></span> <span class='ocrx_word' id='word_1_202' title='bbox 568 3195 585 3232; x_wconf 89' lang='lat' dir='ltr'><em>a</em></span> <span class='ocrx_word' id='word_1_203' title='bbox 603 3172 777 3253; x_wconf 84' lang='lat' dir='ltr'><em>Tarquiniis,</em></span> <span class='ocrx_word' id='word_1_204' title='bbox 791 3171 927 3232; x_wconf 90' lang='lat' dir='ltr'><em>Etruriae</em></span> <span class='ocrx_word' id='word_1_205' title='bbox 937 3173 1004 3235; x_wconf 81' lang='lat' dir='ltr'><em>civi-</em></span> 
     </span>
     <span class='ocr_line' id='line_1_31' title="bbox 74 3244 1003 3333; baseline 0.023 -40"><span class='ocrx_word' id='word_1_206' title='bbox 74 3246 132 3310; x_wconf 89' lang='lat' dir='ltr'><em>tate,</em></span> <span class='ocrx_word' id='word_1_207' title='bbox 140 3244 252 3305; x_wconf 81' lang='lat' dir='ltr'><em>Romam</em></span> <span class='ocrx_word' id='word_1_208' title='bbox 265 3251 359 3318; x_wconf 81' lang='lat' dir='ltr'><em>uenit,·</em></span> <span class='ocrx_word' id='word_1_209' title='bbox 375 3261 409 3320; x_wconf 90' lang='lat' dir='ltr'><em>et,</em></span> <span class='ocrx_word' id='word_1_210' title='bbox 419 3252 448 3309; x_wconf 89' lang='lat' dir='ltr'><em>iu</em></span> <span class='ocrx_word' id='word_1_211' title='bbox 460 3251 609 3311; x_wconf 87' lang='lat' dir='ltr'><em>amicitiam</em></span> <span class='ocrx_word' id='word_1_212' title='bbox 621 3253 695 3311; x_wconf 82' lang='lat' dir='ltr'><em>Anci</em></span> <span class='ocrx_word' id='word_1_213' title='bbox 704 3260 834 3333; x_wconf 84' lang='lat' dir='ltr'><em>receptus,</em></span> <span class='ocrx_word' id='word_1_214' title='bbox 852 3251 1003 3333; x_wconf 85' lang='lat' dir='ltr'><em>Tarquinii</em></span> 
     </span>
     <span class='ocr_line' id='line_1_32' title="bbox 75 3328 1004 3420; baseline 0.017 -46"><span class='ocrx_word' id='word_1_215' title='bbox 75 3328 252 3398; x_wconf 80' lang='lat' dir='ltr'><em>uomenserre</em></span> <span class='ocrx_word' id='word_1_216' title='bbox 271 3332 357 3408; x_wconf 87' lang='lat' dir='ltr'><em>coepit</em></span> <span class='ocrx_word' id='word_1_217' title='bbox 367 3355 378 3397; x_wconf 90' lang='grc'><em>,·</em></span> <span class='ocrx_word' id='word_1_218' title='bbox 402 3339 507 3410; x_wconf 90' lang='lat' dir='ltr'><em>etpost</em></span> <span class='ocrx_word' id='word_1_219' title='bbox 529 3341 641 3389; x_wconf 90' lang='lat' dir='ltr'><em>mortem</em></span> <span class='ocrx_word' id='word_1_220' title='bbox 661 3332 735 3390; x_wconf 82' lang='lat' dir='ltr'><em>Auci</em></span> <span class='ocrx_word' id='word_1_221' title='bbox 755 3350 869 3410; x_wconf 87' lang='lat' dir='ltr'><em>regnum</em></span> <span class='ocrx_word' id='word_1_222' title='bbox 891 3334 1004 3420; x_wconf 77' lang='lat' dir='ltr'><em>excepit.</em></span> 
     </span>
     <span class='ocr_line' id='line_1_33' title="bbox 75 3394 1004 3490; baseline 0.009 -32"><span class='ocrx_word' id='word_1_223' title='bbox 75 3394 185 3490; x_wconf 79' lang='lat' dir='ltr'><strong>XXXV.</strong></span> <span class='ocrx_word' id='word_1_224' title='bbox 203 3404 318 3464; x_wconf 84' lang='lat' dir='ltr'><em>Centum</em></span> <span class='ocrx_word' id='word_1_225' title='bbox 337 3409 450 3476; x_wconf 87' lang='lat' dir='ltr'><em>additis,</em></span> <span class='ocrx_word' id='word_1_226' title='bbox 468 3417 580 3488; x_wconf 88' lang='lat' dir='ltr'><em>potrum</em></span> <span class='ocrx_word' id='word_1_227' title='bbox 599 3431 741 3468; x_wconf 90' lang='lat' dir='ltr'><em>nnmerum</em></span> <span class='ocrx_word' id='word_1_228' title='bbox 755 3409 843 3468; x_wconf 84' lang='lat' dir='ltr'><em>aucit.</em></span> <span class='ocrx_word' id='word_1_229' title='bbox 883 3410 1004 3466; x_wconf 78' lang='lat' dir='ltr'><em>Latinos</em></span> 
     </span>
     <span class='ocr_line' id='line_1_34' title="bbox 74 3474 1003 3564; baseline 0.016 -35"><span class='ocrx_word' id='word_1_230' title='bbox 74 3474 177 3555; x_wconf 80' lang='lat' dir='ltr'><em>subegit,</em></span> <span class='ocrx_word' id='word_1_231' title='bbox 200 3483 312 3541; x_wconf 87' lang='lat' dir='ltr'><em>Circum</em></span> <span class='ocrx_word' id='word_1_232' title='bbox 333 3487 498 3564; x_wconf 84' lang='lat' dir='ltr'><em>designauit,</em></span> <span class='ocrx_word' id='word_1_233' title='bbox 518 3486 598 3545; x_wconf 84' lang='lat' dir='ltr'><em>ludos</em></span> <span class='ocrx_word' id='word_1_234' title='bbox 618 3488 714 3544; x_wconf 86' lang='lat' dir='ltr'><em>edidit.</em></span> <span class='ocrx_word' id='word_1_235' title='bbox 760 3489 898 3546; x_wconf 90' lang='lat' dir='ltr'><strong>XXXVI.</strong></span> <span class='ocrx_word' id='word_1_236' title='bbox 922 3487 1003 3544; x_wconf 86' lang='lat' dir='ltr'><em>Sabi-</em></span> 
     </span>
     <span class='ocr_line' id='line_1_35' title="bbox 75 3557 1003 3644; baseline 0.015 -36"><span class='ocrx_word' id='word_1_237' title='bbox 75 3573 163 3614; x_wconf 87' lang='lat' dir='ltr'><em>nornm</em></span> <span class='ocrx_word' id='word_1_238' title='bbox 174 3557 241 3618; x_wconf 86' lang='lat' dir='ltr'><em>bella</em></span> <span class='ocrx_word' id='word_1_239' title='bbox 250 3563 363 3640; x_wconf 87' lang='lat' dir='ltr'><em>petitus,</em></span> <span class='ocrx_word' id='word_1_240' title='bbox 374 3565 494 3644; x_wconf 86' lang='lat' dir='ltr'><em>equitum</em></span> <span class='ocrx_word' id='word_1_241' title='bbox 505 3565 645 3624; x_wconf 86' lang='lat' dir='ltr'><em>centurias</em></span> <span class='ocrx_word' id='word_1_242' title='bbox 656 3564 809 3643; x_wconf 85' lang='lat' dir='ltr'><em>ampliauit.</em></span> <span class='ocrx_word' id='word_1_243' title='bbox 841 3564 1003 3622; x_wconf 85' lang='lat' dir='ltr'><em>Tentondoe</em></span> 
     </span>
    </p>

    <p class='ocr_par' dir='ltr' id='par_1_8' title="bbox 527 3661 549 3701">
     <span class='ocr_line' id='line_1_36' title="bbox 527 3661 549 3701; baseline 0 0"><span class='ocrx_word' id='word_1_244' title='bbox 527 3661 549 3701; x_wconf 78' lang='lat' dir='ltr'>A</span> 
     </span>
    </p>
   </div>
   <div class='ocr_carea' id='block_1_7' title="bbox 0 0 1144 3862">
    <p class='ocr_par' dir='ltr' id='par_1_9' title="bbox 0 0 1144 3862">
     <span class='ocr_line' id='line_1_37' title="bbox 0 0 1144 3862; baseline 0 0"><span class='ocrx_word' id='word_1_245' title='bbox 0 0 1144 3862; x_wconf 95' lang='lat' dir='ltr'><em> </em></span> 
     </span>
    </p>
   </div>
  </div>
 </body>
</html>
