2232 3862
101 203 140 259 2ss
478 200 512 258 T.
531 201 634 260 LIVII

102 377 279 435 annuumque
291 357 462 416 intervallum
475 359 552 434 regni
565 360 626 418 fuit.
665 358 700 416 Id
713 359 747 418 ab
755 378 793 427 re,
805 360 879 434 quod
889 378 962 416 nunc
972 361 1055 434 quo*

103 458 157 512 que
170 451 247 496 tenet
259 457 369 505 nornen,
383 436 573 514 Interregnnm
587 439 763 516 appellatum.
803 437 930 496 Fremerc
940 439 1051 496 deiude

103 517 197 592 plebs;
218 517 449 594 ‘multiplicatam
468 519 638 586 servitutem,
658 530 769 576 centum
781 532 833 594 pro
845 536 901 574 uuo
915 518 1055 574 dominos

103 604 111 629 ‘
126 597 211 654 factos
221 597 236 654 :'
253 617 305 655 nec
325 593 397 654 ultrei
410 595 463 653 nisi
476 615 577 672 regem,
592 610 620 655 et
633 598 667 654 ab
680 597 746 673 ipsis
765 603 895 662 creatum
909 597 1049 654 rideban-

103 687 149 732 tur
163 677 278 752 passuri·
317 675 411 740 Quum
426 671 574 733 sensissent
587 695 620 734 ea
633 676 737 734 moseri
751 675 855 744 Patres,
870 674 1049 733 offerendum

103 755 177 814 ultro
198 756 258 823 rati,
279 755 354 830 quod
373 754 500 827 amissuri
516 767 602 822 mant,
622 755 661 812 ita
680 753 796 831 gratiam
810 754 914 822 ineunt,
934 756 1056 812 summa,

103 846 240 909 potestate
253 833 355 922 populo
367 833 507 909 permissa.
521 847 553 891 ut
565 853 619 892 non
632 835 694 912 plus
706 835 802 891 darent
809 832 889 909 juris,
902 833 984 909 quam
995 834 1050 890 de·

103 913 230 972 tinerent.
271 913 462 971 Decreverunt
481 913 565 981 enirn,
586 926 627 982 ut,
645 913 728 972 ‘cim
749 913 866 990 populus
879 932 972 988 regem
982 913 1050 989 jus·

103 999 111 1026 ‘
125 993 213 1061 sisset,
227 993 257 1049 id
269 992 309 1049 sic
322 1004 412 1049 ratum
425 1004 507 1060 esset,
520 992 545 1048 si
558 992 653 1050 Patres
666 1007 791 1050 auctores
804 991 901 1049 flerent
911 991 926 1049 :’
947 990 1050 1049 hodie-

103 1090 157 1146 que
170 1072 198 1128 in
211 1071 318 1148 legibus
332 1070 587 1147 magistratibusque
601 1073 728 1148 rogandis
740 1083 887 1146 usurpatur
896 1072 969 1129 idem
986 1071 1048 1146 jus,

103 1153 131 1208 vi
144 1151 274 1227 ademptis
285 1149 310 1208 ¹:
331 1151 406 1226 priits
419 1150 501 1225 quim
514 1151 634 1227 populus
647 1151 805 1226 suffragium
818 1151 899 1216 ineat,
912 1151 942 1208 in
955 1152 1053 1207 incer*

103 1244 164 1288 tum
178 1231 351 1289 comitiorum
366 1242 496 1286 eventum
512 1231 608 1288 Patres
617 1243 742 1289 auctores
755 1230 834 1290 fiunt.
874 1229 946 1286 Tum
959 1230 1052 1287 intera

103 1329 163 1376 rex.
184 1309 315 1368 concione
337 1309 485 1367 advocatis:
507 1309 615 1373 ‘Quod
637 1311 749 1378 bonum,
771 1309 900 1374 faustum,
923 1310 1054 1382 felixque·

79 1386 113 1457 ᾖ·
128 1387 181 1456 sit?
202 1389 300 1464 inquit,
318 1393 326 1422 ‘
341 1387 473 1456 Quirites,
494 1388 602 1464 Regem
625 1402 734 1456 create;
753 1387 793 1445 ita
813 1388 941 1445 Patribus
954 1389 1048 1444 visum

106 1477 179 1526 ‘est
219 1468 316 1525 Patres
335 1467 444 1536 deinde,
464 1466 488 1524 si
509 1467 632 1542 dignum,
653 1469 701 1543 qui
721 1467 857 1524 secundus
873 1469 907 1524 alt
922 1468 1050 1524 Romulo

79 1516 92 1579 l
105 1555 114 1582 ⁴
126 1560 294 1614 numeretur,
313 1547 443 1612 crearitis,
459 1557 584 1604 auctores
597 1546 680 1604 fient!
721 1547 804 1604 Adeo
817 1547 845 1602 id
855 1559 961 1621 gratum
971 1547 1053 1622 plebi

83 1620 165 1692 ‘''lait
179 1639 220 1694 ut,
240 1646 275 1684 ne
289 1625 354 1683 victi
373 1625 507 1684 beneficio
521 1625 687 1694 viderentur,
702 1626 731 1682 id
745 1625 828 1682 modt
841 1626 989 1683 sciscerent
997 1625 1048 1701 ju-

104 1707 264 1780 berentque,
280 1713 333 1762 ‘ut
351 1706 468 1762 Senatus
477 1705 644 1772 decerneret,
659 1705 706 1780 qui
721 1705 827 1762 Romae
840 1704 1013 1780 regnaret’s

144 1783 256 1842 XVIII.
283 1783 390 1860 Inclyta
404 1783 513 1861 justitia
528 1783 678 1860 religioque
698 1783 731 1842 eh
750 1797 912 1859 tempestate
934 1783 1048 1841 Numae

105 1863 236 1941 Pompilii
249 1876 315 1921 erat.
358 1863 477 1921 Curibus
487 1862 595 1921 Sabinis
606 1862 751 1929 habitabat,
764 1863 981 1921 consultissimus
995 1865 1047 1931 vir,

105 1955 137 2001 ut
150 1944 178 2000 in
192 1943 238 2000 itt
251 1944 393 2018 quisquam
408 1953 497 2000 aetate
511 1962 571 1999 esse
581 1955 696 2018 poterat,
707 1943 795 2000 omnis
805 1942 890 1999 divini
903 1941 1048 2017 atquelru·

105 2023 179 2080 mani
187 2022 267 2099 juris.
309 2024 461 2081 Auctorem
475 2022 615 2080 doctrinae
628 2021 696 2100 ejus,
717 2023 849 2098 quianon
862 2033 952 2079 exstat
965 2023 1053 2090 alius,

105 2103 174 2159 salah
189 2101 313 2160 Samium
328 2099 501 2178 Pythagoran
516 2101 618 2158 edunt:
639 2120 720 2176 quem
732 2101 752 2180 ξ
768 2101 863 2159 Servio
878 2100 972 2158 Tullio
985 2121 1049 2177 reg-

105 2192 188 2240 nante
203 2181 319 2248 Romae,
339 2194 450 2240 centum
464 2179 581 2254 amplius
601 2193 663 2256 post
682 2199 776 2248 annos,
796 2181 825 2236 in
838 2180 936 2237 ultimi
950 2179 1049 2238 Italiae

106 2260 163 2322 ord.
184 2260 256 2316 circa
268 2258 466 2334 Metapontum
485 2258 703 2334 Heracleamque
723 2271 751 2314 et
766 2259 894 2326 Crotona,
910 2258 1048 2334 juvenum

106 2339 301 2396 aemulantium
315 2339 406 2395 studia
419 2350 515 2396 coetus
534 2336 662 2394 habuisse
680 2350 809 2406 consur„
834 2337 878 2394 Ex
892 2337 993 2412 quibus
1007 2341 1048 2395 lo·

106 2419 156 2485 oie,
170 2417 221 2475 etsi
234 2417 356 2494 ejusdem
371 2416 467 2477 aetatis
481 2415 586 2484 luisset,
595 2436 665 2492 quae
675 2416 747 2474 lama
756 2417 784 2473 in
797 2416 920 2484 Sabinos,
934 2431 1049 2492 autquo

106 2497 216 2576 linguae
236 2496 409 2564 commercio,
430 2514 585 2571 quenquam
606 2496 641 2554 ad
661 2496 839 2572 cupiditatem
854 2496 979 2554 discendi
998 2517 1048 2553 ex-

107 2577 241 2634 civisset?
261 2595 351 2652 quove
363 2575 499 2652 praesidio
521 2593 592 2632 uuus
611 2594 661 2650 per
673 2588 716 2633 tot
729 2587 833 2648 gentes,
854 2576 977 2632 dissonas
990 2596 1049 2634 ser·

107 2675 190 2713 moue
204 2655 388 2730 moribusque,
401 2653 591 2731 pervenisset?
614 2653 719 2731 Suopte
729 2654 813 2729 igitur
822 2655 932 2730 ingenio
941 2667 1048 2730 tempe·

107 2746 197 2796 ratum
211 2735 331 2792 animum
343 2735 487 2792 virtutibus
500 2732 584 2790 luisse
594 2734 691 2809 opinor
705 2734 808 2808 megin
824 2734 870 2796 fus
916 2747 1079 2828 namqu&

107 2834 163 2872 non
183 2827 239 2871 tam
260 2814 409 2890 peregrinis
429 2813 541 2879 artibus,
562 2811 644 2886 quam
659 2813 802 2889 disciplinh
816 2747 1051 2884 lllll'dlac‘lnsn

108 2906 232 2952 veterum
248 2893 427 2952 Sabinorum:
448 2911 503 2968 quo
522 2910 622 2967 genere
638 2891 744 2950 nullum
757 2893 894 2967 quondam
908 2893 1050 2969 incorrup-

143 3054 149 3080 ¹
173 3057 202 3101 Vt
212 3051 328 3115 udcmptd.
366 3053 436 3100 Some
444 3051 566 3115 interpret,
577 3053 645 3100 when
655 3067 688 3100 no
696 3051 814 3100 unlawl‘ul
823 3051 930 3104 violence
942 3062 1048 3115 operatas

109 3120 202 3182 against
214 3121 240 3167 it.
280 3121 331 3168 The
343 3119 456 3181 meaning
468 3120 488 3167 is
496 3119 634 3182 ¹ovaously,
646 3121 738 3182 though
750 3121 781 3168 its
789 3119 909 3168 realforee
920 3121 940 3167 is
952 3137 1005 3168 now
1013 3123 1047 3168 al-

109 3189 218 3250 together
234 3187 368 3251 destroyed.
443 3185 546 3244 'Quem
565 3222 661 3237 .........
673 3190 800 3252 juvenum,
818 3192 860 3248 dc.
897 3189 969 3243 wuo,
991 3189 1009 3236 it
1029 3189 1048 3234 is

108 3255 196 3317 agreed
205 3271 236 3302 on
247 3255 278 3301 all
291 3255 374 3312 hands,
387 3254 479 3302 formed
490 3255 591 3312 schools,
605 3257 682 3303 where
692 3257 732 3302 the
744 3270 828 3318 young
838 3271 894 3302 men
906 3253 1013 3320 engaged
1023 3255 1048 3302 in

108 3323 282 3384 philophosical
291 3321 380 3369 studIes
388 3323 479 3370 similar
487 3332 512 3371 to
521 3324 558 3370 his
567 3339 628 3370 own.
652 3323 800 3392 (licetquses
808 3327 896 3372 aemuli
905 3323 928 3370 in
938 3327 978 3370 tlte
987 3337 1049 3370 same

109 3405 183 3439 sense.
223 3392 291 3440 Leno
302 3391 372 3454 cujus
384 3389 535 3440 inventorum
548 3391 636 3440 aemuli
652 3391 722 3440 Stoici
738 3391 901 3445 nominantur.
937 3395 1046 3442 Maraeu.
