2230 3846
447 205 571 271 LIBER
593 207 632 268 11.
952 210 1007 276 117

167 384 210 430 ter
230 370 410 428 nerinimum
428 368 588 427 capemenas
610 381 724 428 munere
742 382 833 430 umen
855 368 960 438 Patres,
976 382 1009 426 nt

77 453 128 491 M·
164 469 231 508 cum
251 449 287 506 L.
307 449 431 510 Aemilio
445 447 483 506 K.
497 447 598 506 Fabius
611 449 867 508 eousuleseareter.
910 448 953 506 Eo
966 450 1008 506 in·

76 509 124 558 πθ·
162 529 262 588 teneor
275 530 349 587 fucta
360 529 456 605 plebes
471 528 606 586 seditione
624 528 776 587 &mentita
795 527 898 586 bellum
916 541 1007 586 exter·

73 629 128 668 unm
154 609 280 669 excivit:
303 608 375 666 bello
400 607 501 666 deinde
526 607 620 664 civiles
646 608 800 666 discordiae
826 607 1006 666 intermissae

74 689 128 752 Une
141 689 241 755 anime
263 687 360 746 Patres
375 705 409 744 ac
427 686 520 761 plebes
533 686 695 746 rebellantes
710 685 824 744 Volscus
837 701 867 744 et
881 687 1006 762 Aequos,

70 769 131 828 duce
144 767 285 832 Aemilio,
299 765 431 842 prosperis
443 764 536 841 pugnis
549 765 647 822 vicere.
677 765 757 824 ·Plus
774 778 866 822 teman
885 763 1006 823 bostium

68 848 132 922 tuga,
148 845 239 921 quiam
258 847 402 921 proelium,
424 843 587 920 absumpsit.
627 844 711 902 Adae
733 844 910 920 pertinaciter
929 845 1006 902 fusos

67 927 177 985 bsecuti
203 937 273 982 sunt
293 925 410 999 equites.
451 923 574 981 Castoris
590 924 674 980 aedes
694 925 792 982 eodem
815 942 888 980 anuo
910 923 1006 982 ldibas'

66 1003 254 1070 Quinctilibus
269 1004 397 1062 dedicata
409 1013 460 1060 est.
500 1003 575 1060 Vota
587 1015 646 1060 erat
659 1001 850 1068 Lutiucbello,
863 1003 1006 1062 Postumio

65 1084 196 1142 dictatore
207 1082 227 1139 ¹.
271 1082 356 1140 Filius
375 1081 445 1159 ejus,
461 1081 590 1138 duumvir
602 1082 637 1140 ud
651 1082 679 1138 id
694 1082 784 1158 ipsum
798 1095 915 1150 creatus,
928 1083 1006 1140 dedi·

64 1163 137 1222 carit.
181 1161 334 1220 sollicitati
359 1176 388 1218 et
407 1181 442 1218 ec
457 1180 530 1218 anno
549 1174 614 1218 sunt
634 1161 779 1218 dulcedine
798 1159 919 1236 egueniae
939 1161 1007 1236 legis

64 1243 141 1302 animi
155 1242 261 1318 plebis.
302 1240 418 1298 'l'ribuei
432 1240 519 1315 plebis
532 1239 693 1316 popularem
706 1251 871 1316 potestatem
886 1240 947 1315 lege
957 1259 1006 1316 po*

64 1321 144 1397 pulari
157 1320 340 1380 celebrabant
348 1320 367 1375 ².
408 1319 513 1386 Patres,
525 1319 591 1376 satis
601 1338 738 1394 nuperque
746 1319 859 1394 gratuiti
868 1320 967 1378 serena
977 1319 1006 1378 in

65 1400 241 1458 multitudine
262 1399 406 1458 credentes
419 1403 489 1465 etse,
506 1397 664 1472 largitiones
677 1398 894 1476 temeritatisque
907 1399 1005 1456 iuvita·

65 1491 152 1538 menta
170 1478 333 1536 horrebant.
375 1477 512 1534 Acerrimi
533 1477 661 1536 Patribus
675 1478 759 1536 doces
772 1479 807 1536 ad
821 1479 1005 1538 resisteretu-

65 1560 189 1618 ceneulea
206 1558 297 1615 fuere.
337 1556 379 1614 Ee
398 1557 483 1632 igitur
502 1575 564 1633 para
583 1556 749 1632 reipublicae
770 1557 843 1616 vicit
895 1557 956 1616 Nec
976 1557 1005 1616 in

159 1655 295 1714 praesens
309 1636 401 1703 mode,
415 1637 464 1694 sed
478 1636 506 1692 in
521 1635 675 1694 venientem
690 1637 773 1694 etiem
782 1655 885 1696 aunum
896 1636 941 1694 M.
952 1637 1005 1696 Fa·

67 1705 119 1811 ἓξ·
160 1717 242 1774 bium
252 1715 390 1774 Kaesouis
400 1715 910 1789 fratrem,etmagiainvleumalternn
919 1717 1004 1793 plebi,

110 1796 117 1811 ⁸
159 1795 341 1854 accusatione
361 1794 409 1870 Sp.
431 1793 519 1852 Cassii
530 1793 551 1862 ³,
571 1793 609 1850 L.
623 1793 763 1852 Valerium
778 1796 905 1854 consules
918 1797 1004 1854 dedit.

69 1873 208 1932 Certatum
222 1894 259 1932 en
271 1870 382 1949 queque
395 1891 468 1932 auno
481 1892 544 1930 curn
558 1873 674 1936 tribunis
684 1887 734 1932 est.
775 1874 855 1932 Vana
864 1875 917 1941 lex,
929 1875 1005 1934 vanu?-

68 1972 115 2026 qus
127 1953 201 2028 legis
214 1966 350 2020 auctores,
360 1951 493 2028 jactando
507 1952 612 2010 irritum
628 1971 737 2018 munus,
751 1953 815 2012 sacti
825 1951 846 2008 ⁴.
886 1952 1003 2012 Fabium

67 2031 124 2090 inde
142 2051 248 2092 nomen
271 2033 368 2108 ingens
385 2045 449 2108 post
462 2045 518 2090 tres
531 2032 676 2090 continuos
690 2031 848 2090 consulatus
857 2029 878 2098 ⁵,
893 2049 1004 2106 unoque

66 2111 135 2169 velut
154 2125 253 2170 tenore
274 2131 370 2170 omnes
390 2124 518 2187 expertos
536 2110 690 2168 tribuniciis
703 2109 906 2176 certaminibus,
927 2109 1004 2168 habi·

66 2201 127 2248 tum.
169 2190 278 2267 Itaque,
293 2203 325 2248 ut
338 2191 408 2248 bene
422 2191 536 2255 locatus,
550 2188 650 2246 mansit
663 2189 692 2246 in
706 2190 740 2246 eit
753 2189 858 2246 familiai
870 2188 1004 2265 aliquam·

64 2269 107 2326 diu
125 2269 225 2328 henos.
266 2269 376 2326 Bellum
396 2269 461 2326 iude
475 2268 579 2346 Vejens
599 2269 716 2334 initum3
736 2280 765 2326 et
781 2268 875 2327 Volsci
890 2270 1003 2328 rebellit-

64 2361 130 2406 runt.
173 2349 231 2408 Sed
244 2350 280 2406 ad
294 2349 366 2406 bella
378 2362 493 2406 externa
506 2367 591 2424 prope
604 2359 766 2425 supererant
779 2349 850 2406 vires
858 2347 886 2408 ⁶:
906 2349 1004 2408 abnts·

62 2428 215 2504 banturqae
229 2429 262 2486 iis
276 2429 348 2486 iuter
361 2441 450 2486 semet
463 2427 538 2504 ipses
551 2429 689 2486 cermndo.
731 2431 883 2488 Accessere
903 2430 938 2489 ad
958 2449 1005 2486 ee·

61 2525 119 2581 pas
127 2508 187 2584 jam
203 2508 328 2566 emnium
343 2522 450 2566 mentes
459 2507 727 2583 prodigiacnelestia,
737 2527 822 2583 prope
831 2509 1004 2583 quotidianas

61 2587 86 2642 iu
105 2589 175 2644 urbe
196 2588 325 2662 agrisque
347 2588 512 2644 ostentantia
538 2587 635 2654 minas,
659 2587 783 2661 motique
806 2587 847 2644 iria
872 2587 1003 2656 numinis

61 2685 167 2724 causam
189 2665 293 2724 nnllam
314 2665 393 2724 uliam
410 2679 486 2724 uates
506 2667 649 2732 canebant,
674 2667 783 2742 publice
810 2667 1003 2742 privatimque,

60 2763 130 2804 nunc
150 2745 233 2808 extis,
255 2765 329 2802 nunc
350 2765 399 2821 per
418 2765 492 2811 ares,
513 2745 641 2811 consulti,
661 2743 743 2820 quam
764 2743 839 2802 baud
861 2747 912 2804 ritis
926 2765 1005 2806 secra

61 2823 117 2881 beri
128 2824 151 2880 ⁷.
193 2823 252 2888 Qui
266 2838 383 2882 terrmes
397 2838 490 2882 tamen
504 2820 538 2880 eb
552 2843 671 2891 evasere,
687 2837 719 2880 ut
734 2824 835 2900 Oppia,
847 2826 924 2901 virgo
935 2826 1004 2884 Ves-
1106 2893 1107 2896 Ἴ

62 2904 130 2972 talis,
145 2905 278 2962 damnata
291 2903 390 2962 incesti
402 2921 505 2981 poenes
518 2903 635 2960 dederit.

90 3014 96 3043 ¹
115 3016 161 3064 See
173 3013 222 3062 end
234 3014 264 3062 of
274 3014 350 3076 Chep.
364 3015 405 3064 20.
458 3003 461 3012 ¹
547 3010 557 3038 '¹
575 3017 732 3072 Celebraduut,
746 3013 862 3064 celebrem
875 3015 1003 3068 faciebant.

58 3077 66 3109 ¹
81 3085 242 3134 Accusatioue
255 3087 294 3146 Sp·
307 3087 389 3138 cassii,
400 3083 462 3130 from
474 3081 512 3130 his
521 3081 610 3146 having
621 3084 681 3130 been
693 3083 734 3130 the
744 3098 841 3130 accuser
853 3084 882 3130 οἵ
892 3085 931 3144 sp.
947 3087 1005 3136 Cas·

58 3147 112 3198 uiua.
151 3152 198 3198 See
210 3151 250 3198 the
262 3150 392 3213 preceding
403 3152 506 3212 chapter.
614 3150 720 3206 ‘Vana
733 3153 777 3199 dcc.
816 3152 869 3198 The
885 3151 939 3212 lew,
957 3153 1005 3202 and

58 3215 86 3264 its
96 3233 232 3280 proposess,
251 3217 328 3280 (from
345 3218 407 3266 their
422 3219 534 3282 honstiug
545 3219 575 3266 ef
587 3234 603 3266 a
620 3217 667 3280 gin
683 3227 708 3266 to
720 3219 760 3264 the
770 3217 855 3280 people
868 3220 946 3268 which
958 3235 1006 3271 wat

57 3285 142 3349 utterly
154 3285 304 3347 werthina)
321 3301 383 3333 were
394 3285 464 3334 made
476 3285 610 3334 ridiculous
621 3285 646 3332 in
658 3287 699 3333 the
710 3287 840 3347 emptiness
856 3287 886 3333 of
898 3288 938 3334 the
949 3301 1006 3348 pro·

59 3351 110 3402 'eet
192 3355 202 3384 ⁵
221 3355 301 3402 These
311 3353 341 3400 of
352 3353 467 3410 Quintus,
483 3353 572 3411 Kaeso,
585 3353 632 3400 and
646 3353 746 3400 Marcus
759 3355 855 3401 Fabius.
926 3355 936 3380 ⁶
951 3358 1005 3412 Sed,

55 3367 96 3468 le
134 3423 189 3470 But
205 3421 268 3468 their
284 3422 392 3484 strength
413 3437 461 3468 was
478 3419 564 3468 almost
582 3435 650 3468 more
667 3421 723 3466 than
742 3421 839 3480 enough
858 3417 895 3464 for
910 3418 1005 3480 foreign

56 3501 120 3536 Vm·
273 3487 282 3516 ²
299 3491 413 3553 Matique,
424 3489 469 3538 &ct
490 3486 538 3534 and
552 3489 592 3534 the
609 3488 695 3548 priests
711 3482 858 3533 announced
872 3483 922 3528 that
939 3485 1006 3532 there

56 3567 101 3616 was
113 3571 146 3604 uo
157 3555 228 3604 other
238 3570 309 3604 cauae
321 3556 359 3606 sor
370 3558 411 3605 the
422 3569 496 3618 anger
513 3553 542 3602 of
557 3556 597 3602 the
609 3553 682 3616 deity,
701 3555 811 3614 (cauam
825 3548 934 3595 numinis
945 3552 1005 3623 moti

1006 3777 1019 3818 A
