2262 3858
468 197 591 260 LIBER
608 199 649 259 'V.
966 207 1024 266 eal

100 355 203 430 ‘ipsum
219 357 348 423 amoveri,
369 357 392 414 si
408 353 519 434 posset;
539 372 567 417 et
581 361 685 428 Gallos,
707 379 805 418 noram
824 373 1032 438 gentempace

99 434 206 509 ‘potiirs
219 437 358 511 cognosci,
373 438 454 513 quem
468 439 568 496 armia'

134 513 273 570 XXXVl.
294 516 375 574 Mitis
386 518 503 593 legatio,
524 520 552 574 ni
573 520 742 595 praeferoces
758 519 871 594 legatos,
888 519 1031 595 Gallisque

88 593 179 666 :magis
193 592 276 668 quam
292 595 425 654 Romanis
437 597 548 662 similes,
563 597 709 655 habuisset.
751 598 868 665 Quibus,
886 613 1029 674 postquam

90 672 222 729 mandata
242 673 387 733 ediderunt
408 676 435 732 in
457 677 571 733 concilio
586 677 738 746 Gallorum,
752 680 833 735 datur
851 697 1029 754 responsum:

98 749 177 806 ‘Etsi
191 771 295 809 norum
309 773 408 812 nomen
423 755 536 812 audiant
550 757 746 823 Romanorum,
761 769 851 814 tamen
866 758 975 814 credere
991 758 1028 813 ri-

96 835 158 885 ‘ros
172 831 258 888 fortes
271 852 339 902 esse,
354 849 469 908 quorum
483 835 614 892 auxilium
628 855 645 893 a
659 836 780 894 Clusinis
793 836 820 892 in
834 855 863 892 re
878 837 983 911 trepidis
994 837 1030 894 sit

95 907 300 984 ‘implorat-um.
341 913 389 980 Et,
403 915 531 988 quoniam
545 915 680 989 legatione
693 915 822 972 adversus
836 933 865 972 se
873 915 1028 983 maluerint,

18 1051 22 1062 ¹
95 987 200 1062 ‘quium
222 991 313 1058 armis,
334 993 405 1050 tueri
422 995 519 1059 socios,
540 1013 574 1050 ne
591 1014 621 1050 se
641 995 752 1069 quidem
772 1012 877 1070 pacem,
893 1012 976 1067 quam
989 995 1028 1050 illi

94 1067 238 1138 ‘efferant
259 1073 404 1146 aspernari,
425 1073 447 1127 si
469 1072 565 1139 Gallis,
587 1075 730 1147 egentibus
750 1091 824 1148 agro,
845 1091 926 1147 quem
948 1073 1027 1130 latiirs

93 1147 281 1220 ‘possideant
297 1150 377 1224 quam
392 1151 491 1219 colant,
507 1151 621 1219 Clusini,
636 1165 740 1229 partem
750 1153 844 1222 linium
856 1153 1026 1210 concedant:

92 1225 191 1284 ‘aliter
211 1247 307 1304 paoem
327 1230 467 1305 impetrari
486 1249 541 1287 nou
561 1249 650 1306 posse.
691 1231 729 1288 Et
749 1249 910 1307 responsum
935 1249 1025 1288 coram

56 1335 60 1344 ·
91 1303 247 1364 ‘Romanis
267 1308 389 1384 accipere
404 1309 491 1366 velle:
513 1322 549 1378 et,
570 1311 593 1366 si
609 1322 724 1386 negetur
737 1317 809 1386 ager,
823 1329 914 1370 coram
929 1310 1026 1366 iisdein

91 1383 248 1444 ‘Romanis
269 1388 454 1454 dimicaturos,
476 1402 508 1446 ut
528 1389 657 1446 nunciare
679 1391 790 1446 domum
805 1401 925 1465 possent,
940 1409 1023 1465 quan·

90 1469 170 1521 ‘tum
191 1466 265 1524 Galli
280 1467 381 1524 virtute
397 1481 502 1524 ceteros
520 1468 647 1526 mortales
661 1482 837 1545 praestarent.
877 1469 1023 1532 Quodnam

89 1548 97 1576 ‘
109 1543 138 1598 id
147 1543 196 1620 jus
210 1559 290 1614 esset,
302 1565 396 1622 agrum
408 1567 423 1603 a
434 1547 634 1623 possessoribus
642 1561 744 1625 petere,
755 1561 803 1606 aut
812 1549 907 1604 minari
917 1564 992 1606 arura
1002 1547 1023 1602 i’

88 1620 224 1681 Romanis
237 1627 438 1700 quaerentibus,
453 1639 489 1694 et,
505 1635 513 1662 ‘
527 1627 592 1702 quid
606 1628 634 1684 in
650 1627 761 1685 Etmriti
773 1628 812 1684 rei
824 1627 911 1686 Gallis
920 1640 992 1684 esset
1001 1621 1023 1684 i’

88 1717 172 1774 quum
188 1703 235 1771 illi,
251 1714 301 1762 ‘se
312 1706 339 1762 iu
356 1707 438 1763 armis
451 1705 498 1782 jus
514 1706 601 1773 ferre,'
620 1719 648 1764 et
659 1715 667 1742 ‘
677 1707 769 1764 omnia
783 1707 894 1766 fortium
904 1706 1023 1762 virorum

87 1779 189 1848 ‘esse,’
209 1784 335 1841 ferociter
353 1786 484 1849 dicerent,
506 1786 627 1842 accensis
647 1787 774 1860 utrinque
790 1786 887 1844 animis
901 1786 936 1842 ad
950 1805 1024 1842 arma

86 1859 257 1930 discurritur,
269 1864 438 1940 etproslinm
448 1865 607 1920 conseritur.
648 1865 699 1931 Ibi,
705 1865 762 1940 jarn
775 1865 953 1939 urguentibus
966 1864 1023 1920 llo·

85 1957 194 1998 manam
216 1944 311 2000 urbem
325 1944 396 2011 latis,
417 1943 499 2017 legati
519 1955 613 2000 contra
621 1941 668 2018 jus
679 1944 802 2017 gentium
817 1961 892 2000 arma
904 1943 1023 2018 capiunt.

86 2017 148 2075 Neo
168 2021 197 2076 id
218 2020 294 2078 elisur
309 2042 369 2080 esse
388 2024 487 2098 potuit,
508 2041 592 2098 quum
607 2033 670 2079 ante
683 2023 761 2097 signa
775 2022 953 2078 Etruscorum
968 2033 1023 2077 tres

84 2097 248 2156 nobilissimi
257 2103 449 2177 fortissimique
459 2103 600 2159 Romanas
606 2101 759 2177 juventutis
769 2113 928 2176 pugnarent.
950 2099 1022 2156 Tan·

82 2187 143 2233 tum
168 2180 306 2239 eminebat
329 2181 470 2258 peregrina
492 2183 576 2237 virtu
587 2182 603 2236 ¹.
644 2181 717 2243 Quin
740 2181 822 2238 etiarn
850 2180 884 2243 Q.
905 2178 1021 2248 ¹Fabius,

83 2269 198 2316 erectus
218 2273 295 2316 extra
308 2263 393 2318 aciem
408 2279 488 2335 equo,
503 2262 601 2317 ducem
617 2259 768 2323 Gallorum,
782 2260 908 2318 ferociter
921 2259 948 2314 in
963 2259 1022 2334 ipsa

82 2335 162 2411 signa
177 2338 355 2398 Etruscorum
371 2343 562 2404 incursantem,
578 2359 627 2416 per
639 2341 709 2396 latus
723 2339 866 2396 tranfixum
882 2338 965 2405 baetti,
976 2358 1021 2396 oo·

83 2417 170 2474 cidit:
191 2420 331 2496 spoliaque
344 2421 403 2496 ejus
417 2421 552 2496 legentem
567 2419 640 2476 Galli
654 2438 796 2494 agnovere,
818 2439 920 2494 perque
934 2430 1019 2475 totam

82 2495 180 2562 aciem
193 2507 200 2532 ‘
213 2499 369 2556 Romanum
384 2501 503 2575 legatum
515 2499 593 2566 esse,'
607 2500 714 2573 signum
726 2499 820 2556 datum
835 2510 886 2554 est.
908 2496 1019 2554 Omissis

81 2575 147 2632 inde
168 2578 196 2634 in
220 2577 347 2635 Clusinos
370 2579 417 2645 ire,
442 2579 564 2654 receptui
586 2589 695 2644 canunt,
720 2577 854 2634 minantes
876 2575 1018 2634 Romanis.

81 2654 180 2723 Erant,
202 2657 250 2733 qui
265 2667 272 2692 ‘
286 2659 424 2734 extemplo
441 2659 557 2715 Romam
576 2656 704 2714 eundum’
726 2667 877 2714 censerent.
918 2655 1017 2712 Vicere

79 2731 213 2803 se'niores,
228 2749 259 2793 ut
274 2737 356 2812 legati
370 2737 444 2812 priris
458 2738 633 2793 mitterentur
646 2747 772 2810 questum
787 2733 908 2811 iujurias,
923 2747 1017 2810 postu·

80 2815 234 2890 latumque,
259 2823 312 2872 ‘ut
331 2835 381 2892 pro
397 2815 459 2892 jure
480 2817 602 2890 gentium
624 2815 724 2871 violato
739 2814 814 2878 Fabii
835 2813 1017 2870 dederentur!

81 2893 182 2969 Legati
198 2894 341 2952 Gallorum
356 2914 439 2970 quum
455 2915 495 2960 ea,
507 2895 663 2951 sicuterant
673 2893 807 2959 mandate,
817 2893 1015 2967 exposuissent,

76 2973 190 3030 senatui
204 2993 256 3031 nec
268 2975 369 3032 lactum
383 2975 507 3050 placebat
521 2973 676 3037 Fabiorum,
699 2984 727 3029 et
741 2971 788 3047 jus
804 2972 942 3048 postulare
956 2973 1015 3036 bar-

80 3053 138 3110 bari
153 3053 326 3110 videbantur.
367 3054 431 3122 Sed,
446 3073 481 3110 ne
501 3055 539 3119 id,
560 3053 634 3128 quod
649 3052 782 3124 placebat,
796 3053 974 3108 decernerent
987 3053 1016 3106 in

80 3145 174 3191 tautae
188 3133 337 3191 nobilitatis
352 3133 424 3202 viris,
438 3133 552 3190 ambitio
566 3133 691 3189 obstabat
702 3131 722 3187 ².
761 3131 867 3206 Itaque,
882 3147 917 3186 ne
931 3137 1015 3205 penes

112 3293 119 3321 ¹
139 3292 192 3340 The
204 3289 288 3338 valour
299 3290 328 3340 of
341 3291 380 3338 the
394 3291 469 3342 Fabii.
544 3287 554 3315 ¹
571 3293 681 3346 Ambitio,
698 3289 773 3354 going
790 3292 863 3340 about
878 3297 903 3334 to
914 3301 1015 3346 procare

78 3370 144 3408 votes
154 3379 162 3420 ;
180 3375 194 3406 a
211 3357 289 3406 desire
300 3359 329 3405 ol*
336 3359 447 3422 securing
458 3359 543 3406 favour
555 3359 629 3406 either
640 3359 701 3405 from
715 3359 754 3404 tbe
766 3356 856 3418 people,
866 3370 901 3413 or,
913 3369 939 3400 as
950 3355 1013 3414 ltere,

77 3430 140 3479 from
152 3443 166 3476 a
177 3427 250 3475 noble
261 3426 342 3489 family
353 3446 359 3475 ι
378 3427 508 3492 generally,
519 3443 548 3474 an
561 3427 680 3488 improper
689 3425 771 3473 desire.
