2262 3858
127 241 186 300 att
538 240 573 300 Τ.
593 239 694 300 LlVII

125 408 179 458 ‘ut
192 399 334 458 confestim
348 400 461 458 indeed
475 411 563 458 castra
576 399 696 458 hostium
710 399 840 468 duceret,'
855 399 901 475 (in
915 413 1066 479 conspectu

123 493 201 538 erant
213 481 303 557 posita
310 481 338 536 in
348 481 454 558 plano,)
470 479 536 536 nihil
544 499 650 557 poenae
660 481 830 546 recusabant,
844 481 874 536 ni
884 501 918 538 ea
926 495 993 539 ante
1003 503 1066 540 noc·

121 572 179 618 tem
193 561 404 636 expugnassent.
439 559 616 617 collaudatos
631 567 638 594 ‘
651 579 766 636 corpora
779 579 883 628 curare,
900 573 1066 636 paratosque

122 646 130 674 ‘
144 659 204 697 esse
215 641 312 714 quartia
321 637 515 714 vigilia’jubet.
538 639 575 696 Et
586 637 687 707 hostes,
698 652 860 696 nocturnam
870 639 968 714 fugem
980 661 1015 698 ex
1024 655 1065 698 tu·

121 719 197 776 mulo
209 719 396 776 Romanomm
411 731 443 774 ut
456 720 490 775 ab
503 718 599 786 eavit,
611 737 681 792 quae
694 719 799 776 ferebat
808 718 1006 792 Verruginem,
1021 739 1065 776 ex-

121 798 273 866 cluderent,
284 799 359 854 fuere
371 796 462 854 obvii:
475 797 666 874 proeliumque
677 809 740 855 ante
749 797 839 854 lucem
850 797 915 872 (sed
925 797 995 854 luna
1007 818 1065 874 per·

120 894 176 934 nox
191 876 265 952 erat)
280 877 456 934 commissum
472 890 530 934 est:
551 891 580 934 et
592 876 667 934 haud
683 877 831 934 incertins¹
844 877 946 932 diurno
961 877 1065 952 proelio

119 954 193 1012 faite·
212 956 267 1015 Sed
281 957 383 1014 clamor
392 956 572 1031 Verruginem
588 957 718 1031 perlatus,
733 975 818 1032 quum
833 967 922 1012 castra
937 955 1065 1013 Romana

119 1036 262 1092 crederent
276 1036 436 1111 oppugnari,
451 1048 558 1092 tuntum
572 1035 668 1111 injecit
682 1036 798 1110 pavoris,
817 1047 857 1102 ut,
878 1035 1065 1110 nequicquam
1110 1081 1111 1100 ,

20 1188 21 1192 Ἰ
118 1113 254 1172 retinente
263 1127 345 1190 atque
356 1116 516 1172 obsecrante
526 1115 659 1182 Aemilio,
670 1114 824 1172 Tusculum
833 1113 917 1190 palati
927 1114 1065 1190 fugerent.

118 1191 189 1250 Inde
205 1195 277 1250 lama
298 1195 417 1251 Romam
439 1195 543 1269 perlata
562 1206 613 1260 est,
636 1193 834 1250 ‘Postumium
854 1193 1064 1270 exercitumque

119 1279 127 1306 ‘
141 1273 280 1330 occisum!
321 1273 386 1339 Qui,
401 1273 450 1330 ubi
464 1273 551 1349 prima
563 1273 611 1329 lux
625 1285 730 1330 metum
745 1273 904 1330 insidiarum
919 1273 1013 1330 effuse
1026 1295 1064 1331 se·

118 1353 265 1426 quentibus
279 1353 399 1419 sustulit,
415 1373 499 1428 quum
513 1352 713 1427 perequitasset
725 1353 821 1419 aciem,
836 1352 976 1444 promissa
989 1373 1063 1430 repe·
1110 1343 1111 1408 J

117 1443 188 1498 tens,
209 1444 316 1488 tantum
331 1431 424 1507 injecit
441 1432 553 1498 ardoris,
575 1445 606 1488 ut
625 1452 681 1489 non
694 1431 768 1490 ultra
781 1433 965 1489 sustinuerint
978 1433 1062 1508 impe·

116 1523 178 1608 turp
194 1512 295 1602 Aequi
337 1511 445 1568 Caedes
458 1512 522 1568 inde
536 1512 709 1604 fugientium,
731 1512 828 1588 qualis,
849 1511 919 1568 ubi
911 1531 955 1568 rra
969 1513 1061 1588 magis,
1110 1565 1111 1580 ,

117 1609 200 1666 quam
221 1591 333 1658 virtute,
352 1610 396 1646 res
416 1591 527 1664 geritur,
549 1591 584 1647 ad
603 1591 751 1666 perniciem
773 1590 894 1648 hostium
911 1591 988 1649 facta
1008 1605 1062 1658 est;
1110 1581 1111 1640 l

116 1669 279 1744 tristemque
287 1670 321 1725 ab
331 1668 453 1726 Tusculo
463 1670 593 1726 nuncium
605 1669 788 1746 nequicquam
800 1670 932 1727 exterrita
942 1671 1060 1736 civitate,
1110 1663 1111 1720 l

116 1749 212 1806 literae
225 1768 242 1805 a
255 1748 400 1805 Postumio
414 1748 575 1806 laureatae²
593 1762 762 1842 sequuntur:
784 1749 952 1807 ‘victoriam
967 1751 1060 1828 populi

116 1835 125 1862 ‘
143 1827 264 1885 Romani
277 1847 354 1884 esse:
376 1828 540 1903 Aequorum
554 1829 706 1886 exercitum
721 1827 861 1886 deletum!

156 1907 267 1965 XXIX.
288 1906 474 1965 Tribunatum
494 1907 581 1999 plebis
594 1907 717 1965 actiones
730 1908 794 1982 quia
807 1907 954 1965 nondum'
946 1927 1056 1966 invene·

115 2000 177 2046 rant
190 1987 282 2050 finem,
303 1999 332 2043 et
344 1987 421 2063 plebs
435 1987 594 2044 continuare
608 1987 740 2044 latoribus
753 1986 823 2062 legis
837 1987 1018 2054 tribunatum,
1032 2001 1057 2044 et

117 2068 215 2125 Patres
229 2066 341 2124 reficere
354 2067 547 2124 intercessores
560 2066 628 2141 legis
641 2066 729 2122 annisi
743 2078 816 2122 sunt.
858 2065 915 2124 Sed
929 2066 993 2141 plue
1006 2067 1057 2123 suin

116 2146 237 2204 comitiis
250 2145 328 2223 plebe
342 2147 435 2207 valuit.
476 2146 567 2210 Quem
582 2146 704 2202 dolorem
719 2145 770 2202 ulti
784 2145 881 2203 Patres
894 2158 971 2212 sunt,
985 2165 1056 2203 sena·

218 2225 265 2282 tiss
284 2226 410 2283 consulto
423 2227 533 2293 facto,‘
547 2237 580 2282 ut
593 2223 764 2291 consulea‚'
756 2226 860 2281 invisus
873 2225 949 2300 plebi
963 2225 1056 2300 mngis·
1110 2259 1111 2272 2

118 2295 179 2399 362⁰.
221 2383 305 2440 creati
325 2383 470 2440 consules³
492 2383 527 2440 L.
543 2382 691 2440 Lucretius
712 2381 820 2450 Flavus,
843 2382 902 2441 Ser.
922 2383 1054 2461 Sulpicius

120 2462 292 2520 Camerinus.
334 2461 471 2537 Principio
491 2461 572 2538 hujus
592 2463 666 2530 anni,
684 2463 820 2529 ferociter,
839 2463 904 2537 quia
924 2483 1007 2520 nemo
1023 2481 1054 2520 ex

220 2312 346 2370 tratus,‘
359 2303 533 2362 crearentur!
574 2305 689 2360 Annum
703 2315 767 2380 post
781 2304 908 2379 quintum
922 2305 1055 2362 decimum
1110 2323 1111 2336 ¹

119 2543 255 2617 collegio
248 2553 444 2599 intercessurus
458 2553 524 2607 erat,
544 2542 645 2598 coortis
658 2543 693 2599 ad
707 2542 894 2617 perferendam
909 2533 1000 2617 legem
1013 2542 1054 2598 tri·
1110 2607 1111 2614 ἵ

118 2620 200 2678 bunis
214 2621 309 2696 plebis,
324 2641 375 2678 nec
389 2622 498 2696 segnius
507 2622 542 2678 ob
550 2620 597 2677 1d
589 2640 679 2696 ipsum
691 2622 848 2678 consulibus
859 2621 1053 2688 resistentibus,
1110 2677 1111 2696 ,

119 2700 249 2775 omnique
263 2701 374 2758 civitate
387 2701 415 2757 in
428 2721 511 2759 unam
525 2720 586 2758 cam
601 2721 694 2758 curam
708 2721 847 2766 conversa,
859 2700 1000 2758 Vitelliam
1014 2719 1053 2758 co·
1110 2725 1111 2740 ι

118 2779 219 2836 loniam
235 2780 389 2837 Romanam
403 2781 432 2837 in
445 2801 497 2838 sno
506 2799 573 2855 agro
582 2781 676 2855 Aequi
689 2793 856 2855 expugnant.
888 2779 1053 2838 Colonomm
1110 2793 1111 2820 ι

118 2871 181 2933 pare
195 2860 313 2916 maxima
327 2860 480 2927 incolumis,
498 2861 563 2935 quia
575 2873 657 2916 nocte
677 2859 832 2935 proditione
845 2859 982 2935 oppidum
995 2878 1052 2934 cap·
1110 2839 1111 2920 l

118 2949 178 2994 tum
192 2937 304 2996 liberam
319 2959 368 3015 per
381 2958 475 2996 aversa
488 2940 563 2996 urbis
583 2939 676 3014 fugam
689 2938 811 3007 dederat,
833 2939 956 2996 Romam
969 2939 1053 3015 periu-

151 3095 157 3124 ¹
176 3101 301 3146 Incertum
314 3101 441 3160 proelium,
459 3097 533 3144 either
550 3113 565 3144 a
581 3096 656 3144 battle
672 3097 702 3144 of
713 3097 791 3145 which
802 3098 842 3144 the
853 3096 930 3144 result
941 3097 962 3146 is
972 3096 1053 3144 doubt-

117 3163 162 3221 ful,
181 3180 215 3220 or,
227 3181 253 3212 as
264 3166 328 3222 here,
340 3165 417 3212 which
434 3175 523 3212 cannot
538 3167 569 3213 be
580 3165 667 3228 fought
678 3164 735 3229 raith
747 3165 847 3212 distinct
857 3175 1015 3222 monuments,
1025 3179 1053 3210 on

115 3241 220 3280 account
228 3233 257 3280 of
266 3233 305 3280 the
313 3232 434 3280 darkness.
504 3233 514 3261 ¹
530 3236 626 3286 Literoe
633 3235 762 3290 hursutae,
771 3233 852 3280 letters
859 3232 973 3295 wrapped
981 3229 1054 3279 round

116 3299 173 3346 with
191 3299 276 3356 laurel,
294 3316 308 3346 a
324 3311 417 3347 custorn
435 3301 573 3362 commonly
584 3299 697 3348 observed
715 3303 746 3363 by
757 3300 867 3363 generals
876 3300 1053 3362 eunouncingu

117 3367 216 3430 victory.
286 3367 296 3395 ³
314 3371 413 3417 Annum
423 3381 475 3430 poet
487 3373 600 3432 quintum
613 3373 738 3423 decimum,
755 3369 816 3416 after
832 3369 873 3416 the
883 3368 992 3432 fifteenth
1002 3381 1052 3429 year

115 3433 163 3480 had
174 3434 280 3496 expired.
296 3437 347 3482 that
357 3435 384 3487 is.
397 3435 479 3482 fifteen
491 3437 541 3483 free
556 3452 623 3498 years
633 3435 694 3484 after
705 3438 746 3484 the
757 3435 803 3484 last
813 3435 919 3494 consuls,
931 3438 985 3484 who
995 3448 1052 3481 vere

118 3499 147 3548 C.
164 3503 290 3552 Cornelius
304 3503 391 3552 Cossus
409 3502 456 3551 aud
470 3505 500 3553 1..
515 3503 604 3554 Furius
616 3503 776 3564 Medullinus,
793 3503 851 3580 246·
888 3506 933 3554 aee
947 3505 985 3554 11.
998 3500 1035 3552 tt
