2232 3862
99 193 139 250 at
418 241 421 248 .
492 197 526 256 Τ.
546 195 650 254 len

95 349 153 426 jam
169 352 293 427 equitum
306 355 409 412 clunor
421 355 496 414 entire
503 354 661 432 jubentium
669 353 798 419 instabat,
805 351 864 429 janu¹
876 353 967 426 fragor
982 365 1049 412 tec-

9 491 10 496 ,
101 443 202 500 torum,
218 451 288 508 qaae
302 435 487 502 diruebantur,
507 435 611 492 rdtimia
631 435 705 490 urhis
725 433 850 510 partihuo
866 435 1048 500 audiebatur,

102 510 256 586 pulvisque,
270 531 305 568 ex
316 513 481 572 distantibus
494 515 560 572 locis
575 527 661 580 ortus,
671 513 746 570 relat
765 515 838 570 nube
855 513 968 570 inducti
982 531 1054 570 orn-

103 589 149 644 nia
161 591 322 666 impleverat
334 616 341 656 ;
357 595 464 669 raptim,
479 595 578 669 quibus
591 594 709 668 quiaque
720 605 838 669 poterat,
852 593 939 660 elutis,
954 613 1051 669 qaum

102 668 186 726 larem
200 691 233 728 ac
245 684 358 746 penates
378 685 515 748 tectaque,
536 683 545 708 ⁶
558 674 587 730 in
606 673 706 748 quihus
718 685 799 730 natus
812 671 929 746 quisque
941 676 1052 730 educa·

105 755 226 822 ‘tusque
248 751 338 819 esset}
359 753 544 827 relinquentes
565 753 689 810 exirent:
705 751 764 828 jam
784 753 926 810 continent
943 765 1053 828 agmen

103 827 279 902 migrantium
303 830 465 906 impleverat
481 833 554 889 rias:
578 845 606 889 et
627 844 789 906 conspectus
809 831 924 887 aliorum
946 832 1053 887 mutari

103 906 278 966 miseratione
297 909 450 985 integrabat
469 912 608 970 hulmus:
630 930 766 984 vocesque
779 911 861 967 etiam
876 909 1052 967 miserabiles

103 987 337 1045 exaudiebantur:
358 990 502 1051 mulierum
517 992 670 1066 praecipue,
686 1009 771 1064 quum
785 991 894 1046 obsessa
907 989 942 1046 ab
955 1007 1051 1046 arma-

103 1064 139 1120 tis
156 1067 259 1142 templu
278 1081 394 1142 augusta
412 1072 598 1144 praeterirent,
619 1089 651 1126 ac
664 1070 739 1125 velut
752 1081 846 1144 captor
860 1069 1052 1143 relinquerent

104 1143 191 1200 Deos.
226 1146 357 1221 Egressia
377 1148 473 1206 urbem
496 1149 621 1216 Albanis,
642 1148 786 1204 Romanus
808 1148 908 1224 paeaim
932 1146 1051 1222 publica

103 1222 263 1299 privataque
277 1227 369 1284 omnia
382 1239 456 1288 tecta
466 1229 601 1304 adaequat
614 1229 682 1292 solo,
696 1245 806 1302 nnatpte
818 1225 901 1283 horel
915 1227 1051 1300 quadrin-

104 1315 249 1374 gentorum
272 1325 405 1362 annorum
429 1327 507 1383 opus,
528 1309 628 1382 quibus
645 1308 720 1364 Alba
739 1317 859 1373 steterat,
882 1305 990 1362 excidio
1011 1323 1050 1361 ac

105 1381 191 1436 ruinis
211 1383 297 1442 dedit.
336 1385 459 1462 Templis
479 1401 571 1446 tamen
590 1386 683 1445 Deitm
706 1386 756 1462 (ita
775 1385 847 1442 enim
868 1384 990 1442 edictum
1011 1385 1050 1440 ab

105 1478 171 1534 rege
184 1461 288 1538 fuerat)
302 1475 486 1541 temperatum
500 1479 551 1524 est.
970 1507 971 1510 =

242 1534 343 1600 XXX.
366 1547 455 1608 Roma
467 1547 576 1604 interim
590 1545 688 1603 crescit
704 1545 791 1601 Albae
805 1542 900 1599 ruinis.
941 1540 1050 1616 Dupli-

108 1597 170 1700 U37⁰
208 1633 285 1680 catur
305 1623 406 1682 civium
420 1645 558 1682 nummus.
600 1624 713 1682 Coelius
726 1623 836 1680 additur
848 1621 911 1678 urbi
925 1639 1004 1676 mons
1016 1625 1049 1676 ²:

209 1713 246 1764 et,
261 1702 319 1776 quir
329 1703 496 1778 frequentius
509 1704 686 1770 habitaretur,
700 1721 761 1759 earn
775 1703 869 1759 sedem
885 1700 982 1757 Tullus
1003 1719 1051 1757 re·

109 1777 170 1851 gine
182 1779 266 1854 capit,
279 1781 372 1856 ibique
385 1781 526 1842 habitarit.
566 1783 706 1858 Principes
721 1781 893 1838 Albanorum
901 1781 930 1836 in
940 1780 1051 1847 Patres,

109 1870 142 1912 ut
155 1877 188 1914 ea
201 1859 312 1934 qanue
324 1881 390 1937 pare
399 1862 563 1938 reipublicae
577 1873 721 1928 cresceret,
734 1861 801 1934 legit
817 1859 932 1926 Tullios,
954 1859 1052 1916 Serri-

109 1935 170 2001 Ῑὶθθ,
195 1937 332 2008 Quiane,
355 1940 505 2016 Geganius,
528 1941 675 2006 Curiatios,
697 1939 835 1998 Cloelius:
856 1938 1053 2014 templumque

110 2016 218 2072 ordini³
232 2019 270 2076 ab
287 2039 320 2078 se
330 2033 412 2080 aucto
425 2023 529 2080 curiam
542 2022 615 2088 lecit,
630 2039 702 2095 qnae
714 2018 838 2076 Hostile·
850 2037 937 2092 nsque
950 2017 985 2074 ad
1000 2037 1053 2092 pa-

85 2157 87 2170 Ι
109 2105 183 2152 trum
192 2111 347 2156 nostrorum
360 2113 479 2158 aetatem
491 2100 626 2176 appellata
636 2111 687 2166 est,
701 2111 738 2165 et,
747 2110 779 2155 ut
787 2099 908 2156 cunnum
920 2097 1052 2153 ordinum

24 2209 27 2215 ·
110 2174 213 2232 viribus
232 2178 334 2252 aliquid
351 2199 386 2236 ex
406 2201 478 2238 noro
498 2179 604 2256 populo
621 2179 793 2254 adjiceretur,
812 2177 936 2252 equitum
950 2176 1050 2234 decern

110 2264 214 2311 turmae
234 2277 271 2314 eu,
289 2259 407 2316 Albanis
426 2261 502 2334 legit.
541 2259 682 2333 Legiones
699 2271 728 2314 et
746 2270 851 2314 vetarer
871 2257 969 2312 eodem
983 2273 1054 2330 aup-

110 2331 251 2406 plemeoto
274 2337 404 2412 explevit,
425 2352 453 2395 et
473 2358 557 2394 novas
577 2337 692 2412 scripsit.
741 2335 806 2393 Hae
828 2335 930 2392 fiduciir
948 2333 1055 2389 viriam

112 2411 213 2468 Tullus
226 2414 333 2472 Sabinis
348 2415 450 2475 bellurn
461 2417 576 2481 indicite
594 2415 712 2490 gentici
721 2426 885 2490 tempestate
896 2413 1052 2470 secundum

112 2489 245 2550 Etruscos
266 2495 490 2569 opulentissimae
503 2496 570 2552 ritis
590 2495 746 2566 minisque..
766 2493 915 2566 Utrinque
933 2491 1055 2566 injuriae

111 2569 208 2636 hetae,
228 2591 261 2628 ac
280 2593 324 2634 res
337 2575 517 2647 nequicquam
528 2584 609 2628 ⁴ararit
623 2572 764 2644 repetitae.
797 2572 914 2636 Tullus,
925 2577 935 2603 ⁴
947 2571 985 2625 ad
998 2568 1054 2624 Fe·

113 2654 120 2680 ‘
135 2649 228 2706 r·oniae
242 2651 333 2708 farrum
348 2665 473 2708 mercatu
481 2649 619 2724 frequenti
629 2649 811 2724 negotiatores
824 2649 1055 2730 Romanos'corn-

114 2725 302 2800 ‘prebensoq’
317 2727 501 2803 querebatur:
522 2729 624 2791 Sabini,
646 2735 733 2784 ‘auos
746 2728 820 2803 priirs
834 2729 860 2784 in
876 2729 975 2784 lucum·
985 2745 1053 2784 eon·

113 2805 244 2878 ‘fugisse
265 2827 298 2864 ac
314 2809 419 2866 Romae
439 2807 576 2866 retentos!
617 2807 682 2865 Hae
695 2825 793 2864 causae
809 2807 872 2864 belli
885 2807 1052 2864 ferebantur.

113 2883 216 2952 Sabini,
237 2885 310 2944 haud
331 2888 431 2964 ,parlim
449 2906 593 2956 memores,
620 2895 672 2944 ‘et
694 2906 805 2943 suarum
827 2887 926 2942 virium
943 2898 1051 2962 partem

110 3013 180 3070 illud,
191 3013 229 3059 for
240 3013 290 3061 that
301 3014 347 3062 last
355 3013 419 3062 time.
458 3013 598 3076 Something
609 3013 699 3059 similar
706 3023 730 3060 to
740 3013 788 3062 this
796 3011 913 3060 adverbial
922 3029 966 3060 use
975 3013 1005 3060 ol'
1012 3014 1052 3060 the

111 3093 222 3140 pronoun
233 3083 254 3130 is
265 3095 290 3131 to
301 3085 330 3130 be
341 3081 418 3129 found
429 3082 455 3128 in
465 3083 504 3129 the
515 3081 618 3143 English
631 3081 775 3141 expression,
787 3085 836 3130 ond
845 3085 904 3136 tlrnt,
914 3081 961 3127 and
974 3082 999 3128 in
1012 3083 1052 3128 the

114 3147 194 3196 Greek
206 3171 244 3200 ear
255 3153 444 3213 neceesarium,
457 3154 535 3211 doing,
553 3149 600 3196 and
613 3151 681 3205 riade,
699 3149 772 3211 being
782 3149 882 3210 perhaps
894 3147 1050 3196 understood.

110 3215 117 3244 ¹
136 3215 266 3279 Dionysius
275 3229 347 3268 states
355 3220 394 3266 the
404 3217 485 3277 period
492 3219 520 3264 of
531 3217 615 3264 Alba's
624 3215 735 3262 duration
745 3233 770 3262 aa
779 3216 829 3264 387
835 3231 909 3277 years.
987 3213 996 3240 ¹
1008 3217 1055 3262 See

110 3299 135 3344 p.
151 3285 188 3342 16,
202 3298 258 3334 noue
270 3289 293 3334 2.
332 3289 384 3334 The
398 3285 496 3332 Coelian
508 3301 556 3332 was
567 3301 599 3330 ou
611 3285 658 3330 this
669 3284 776 3330 occasion
788 3281 903 3330 included
915 3282 1000 3330 within
1012 3284 1052 3329 the

113 3358 187 3406 walls.
232 3365 233 3370 ’
258 3355 337 3414 ’Any
345 3355 414 3415 place
425 3351 577 3398 consecrated
587 3353 618 3411 hy
630 3351 671 3396 the
682 3366 772 3412 auguro
784 3349 919 3397 waarallrd
931 3355 1052 3413 templum,

112 3429 176 3475 from
187 3426 279 3486 templo,
298 3437 328 3468 an
340 3419 445 3468 obsoleta
456 3421 521 3474 verb,
535 3417 669 3478 remaining
686 3418 711 3463 in
723 3419 753 3465 its
767 3417 905 3478 cornpound
916 3421 1053 3480 contemplo,

113 3506 139 3542 to
150 3493 246 3546 behold,
259 3491 315 3536 with
332 3503 362 3534 an
374 3486 469 3534 erident
480 3486 599 3533 reference
617 3497 642 3532 to
660 3486 700 3532 the
712 3488 785 3533 forma
797 3484 910 3532 observed
926 3484 951 3530 in
970 3485 1055 3546 taking

113 3564 155 3610 the
165 3560 281 3622 auspices,
293 3572 313 3604 c.
336 3556 372 3604 te.
410 3555 461 3603 The
474 3563 554 3602 senate
565 3555 651 3601 houses
663 3568 724 3602 were
732 3553 819 3615 always
831 3553 885 3600 thus
894 3552 1056 3600 consecrated.
