2230 3846
118 238 174 296 124
507 237 541 296 T.
563 235 664 296 LlVlI

112 396 192 456 redit.
233 394 342 452 Funera
354 393 455 452 deindo
469 395 525 452 duo
540 395 670 472 deinceps
680 393 801 470 codsgne
812 397 957 472 fratrisque
968 398 1063 457 daur,

112 476 192 534 Idem
207 474 235 530 in
250 487 366 548 utroque
380 474 507 532 laudator
515 483 531 542 ¹,
544 495 640 549 qaum,
655 476 833 534 concedendo
847 477 898 533 illis
912 495 977 534 sues
998 479 1062 534 lau-

114 556 172 621 des,
193 555 252 629 ipse
273 553 419 610 maximam
434 567 540 629 partem
554 574 648 610 earum
662 555 754 612 ferret.
797 555 895 630 Neque
910 557 1063 614 immernor

114 635 182 709 ejus,
202 633 278 708 quod
298 633 376 690 initio
397 632 555 692 consulatis
569 633 721 698 imbiberat,
741 635 937 692 reconciliandi
950 637 1063 692 enimes

115 713 211 788 plebis,
236 712 343 768 saucios
370 712 470 768 milites
497 715 632 768 curandos
660 711 758 768 dividit
787 714 922 770 Patribus.
965 715 1063 770 Fabiis

114 791 226 882 plurimi
240 791 313 848 dati:
334 810 385 848 nec
405 791 469 848 alibi
490 791 591 866 majore
612 811 679 848 cura
664 789 786 848 habiti.
827 791 896 850 lnde
911 795 1064 872 populures

109 871 168 947 jum
183 891 243 928 esse
258 869 352 927 Fabii·
373 889 424 928 nec
438 869 510 928 hoc
525 870 629 936 ullis
602 890 655 926 nur
647 871 771 928 salubri
785 872 960 946 reipublicae,
975 885 1048 930 arte.

254 949 392 1008 XLVIII
413 949 502 1023 Igitur
521 969 575 1005 non
599 950 712 1006 Petrum
733 951 829 1024 magis,
853 949 936 1025 quiam
958 951 1061 1026 plebis,

111 1029 313 1134 ‘'5⁰1⁸tudlss
328 1028 365 1086 Κ.
381 1029 482 1085 Fabius
491 1027 601 1084 oumT
614 1029 739 1102 lrrgrnro
750 1029 844 1088 consul
856 1031 952 1096 factus,
966 1049 1063 1104 neque

18 1129 96 1195 um
75 1085 144 1195 3⁷
146 1087 295 1176 5'bella
310 1127 400 1182 neque
414 1108 546 1180 delectus,
567 1127 657 1181 neque
675 1108 758 1166 ullam
777 1108 856 1164 eliam
876 1110 995 1184 priorem
1011 1130 1063 1166 cn·

111 1207 169 1244 rum
182 1207 273 1278 agere,
288 1185 370 1261 quiam
386 1199 425 1252 ut,
435 1186 495 1262 jam
509 1187 600 1261 eliquia
613 1207 648 1242 ex
662 1199 739 1262 parte
753 1187 881 1244 inchoatis
893 1189 1063 1246 concordiae

111 1286 169 1344 spe,
190 1267 279 1342 primo
292 1287 402 1341 quoque
416 1279 557 1357 tempore
554 1287 618 1322 cum
634 1267 761 1323 Patribus
776 1268 960 1324 coalescerent
974 1268 1064 1324 animi

111 1347 208 1422 plebis.
237 1346 334 1419 ltaque
348 1346 482 1421 principio
496 1345 560 1402 anni
573 1345 713 1412 censuit‚‘
727 1345 802 1420 priris
816 1345 898 1421 qualm
912 1347 1063 1420 qnisquam

113 1433 121 1458 ‘
135 1425 255 1498 agrariae
266 1425 333 1499 legis
346 1439 443 1482 auctor
460 1425 586 1481 tribunus
604 1425 757 1491 exsisteret,
779 1438 947 1500 occuparent
962 1425 1063 1482 Patres

113 1511 120 1538 ¹
134 1503 187 1578 ipsi
201 1523 282 1560 suum
297 1523 397 1560 munus
411 1505 517 1560 facere:
532 1504 670 1578 captivum
681 1523 777 1579 agrum
792 1505 866 1579 plebi
875 1504 959 1580 quiam
971 1505 1063 1560 maxi·

112 1585 180 1638 ‘me
202 1583 352 1657 aequaliter
374 1583 480 1639 darent.
521 1583 626 1640 Verum
648 1603 717 1652 esse,
738 1581 838 1640 habere
859 1603 915 1649 eos,
937 1603 1061 1658 quorum
1104 1639 1105 1642 ,

112 1663 267 1736 ‘sanguine
289 1681 321 1718 ac
344 1663 444 1718 sudore
468 1675 562 1737 partus
585 1661 639 1718 sit!
681 1663 831 1737 Aspemati
857 1663 952 1721 Patres
976 1676 1061 1719 sunt:

111 1743 202 1816 questi
215 1737 326 1816 quelque
340 1742 460 1816 quidam,
480 1751 487 1774 ‘
502 1741 586 1798 nimiis
600 1741 687 1815 gloriis
701 1741 837 1800 luxuriare
852 1754 880 1798 rt
893 1761 1062 1799 evanescere

109 1830 117 1854 ⁴
132 1821 253 1876 vividum
264 1822 402 1894 quondam
414 1821 482 1876 illud
494 1819 631 1876 Kaesonis
642 1821 782 1895 ingenium
791 1821 820 1878 ³!
848 1821 949 1880 Nullae
958 1821 1061 1878 deinde

109 1901 229 1956 urbanae
239 1900 372 1958 factiones
385 1900 469 1956 luere.
493 1899 671 1956 Verebantur
681 1900 881 1958 incursionibus
892 1901 1060 1975 Aequorum

107 1979 212 2038 Latini.
254 1979 297 2036 Et
311 1999 375 2036 cum
389 1978 513 2036 exercitu
529 1979 622 2038 Kaeso
637 1979 744 2044 missus,
762 1980 790 2036 in
804 1979 924 2054 ipsorum
941 1981 1060 2054 Aequo-

108 2079 170 2116 rum
179 2078 274 2134 agrum
285 2059 508 2134 depopulandum
518 2059 623 2114 transit.
654 2059 745 2132 Aequi
754 2079 783 2116 se
795 2059 822 2114 in
834 2059 936 2134 oppida
946 2078 1060 2134 recepe·

108 2139 333 2213 1unt‚rnurisque
347 2158 377 2194 se
392 2139 538 2194 tenebant:
556 2157 590 2194 eo
604 2137 679 2194 nulla
691 2157 785 2212 pugna
797 2139 985 2194 memorabilis
999 2139 1060 2194 luit.

109 2221 152 2276 At
162 2238 179 2274 e
190 2218 307 2293 Vejente
319 2217 397 2273 hoste
409 2218 501 2274 clades
511 2231 625 2292 accepte
635 2218 791 2274 temeritate
802 2217 913 2274 alterius
928 2218 1060 2274 consulis.

109 2299 272 2372 Artumque
287 2297 322 2352 de
336 2297 459 2352 exercitu
473 2297 551 2361 foret,
573 2297 602 2352 ui
621 2295 659 2352 Κ.
674 2295 775 2352 Fabius
788 2295 817 2352 in
831 2296 980 2371 ternpore4
995 2296 1060 2352 sub·

111 2377 182 2434 sidio
203 2375 332 2432 venisset.
382 2375 426 2432 Ex
447 2395 481 2432 eo
500 2388 626 2450 tempore
648 2393 738 2449 neque
762 2395 816 2450 psx
842 2393 933 2449 neque
955 2377 1059 2432 bellum

110 2475 174 2514 eum
189 2453 353 2529 Vejentibus
368 2455 436 2520 fuit;
456 2475 499 2510 res
514 2455 639 2528 proxime
657 2455 772 2510 formum
786 2454 922 2532 latrocinii
937 2468 1058 2512 venerat.

108 2533 279 2609 Legionibus
295 2533 427 2590 Romanis
440 2534 575 2590 cedebant
589 2535 616 2589 in
630 2534 736 2590 urbem.
779 2533 834 2593 Ubi
848 2535 984 2592 abductas
999 2553 1059 2590 sen·

108 2625 200 2672 serant
221 2613 350 2688 legiones,
371 2632 451 2686 agros
471 2613 664 2679 incursabant;
692 2613 792 2670 bellum
811 2613 913 2688 quiete,
936 2614 1059 2688 quietern

107 2693 180 2752 bello
194 2693 223 2748 in
237 2693 325 2750 vicem
340 2693 491 2748 eludentes.
526 2691 570 2748 lta
583 2711 674 2766 neque
687 2693 778 2748 omitti
792 2705 915 2760 totores,
930 2712 985 2750 nec
999 2711 1057 2768 per·

108 2773 155 2830 fici
178 2783 295 2848 poterat.
337 2771 375 2828 Et
394 2771 448 2828 alia
468 2771 539 2828 bella
558 2784 606 2828 aut
627 2772 780 2846 praesentia
801 2771 948 2839 instabant,
973 2785 1008 2828 ut
1027 2772 1058 2828 ab

109 2851 218 2926 Aequis
229 2850 404 2925 Volscisque,
418 2871 473 2908 non
488 2851 601 2917 diutius,
616 2851 698 2924 quiam
713 2871 809 2907 recens
823 2849 901 2906 dolor
914 2851 1058 2926 proximas

144 2961 151 2990 ¹
173 2963 229 3009 ‘At
246 2963 285 3008 the
302 2961 396 3008 funeral
412 2961 441 3007 ol
453 2977 484 3007 an
496 2961 630 3008 illustrious
641 2976 735 3022 person,
754 2963 794 3008 the
806 2977 888 3021 corpse
900 2977 951 3007 was
967 2960 1057 3008 carried

111 3033 118 3056 ‘
130 3031 236 3092 through
247 3031 288 3076 the
299 3029 387 3088 forum,
401 3030 479 3076 where
490 3031 530 3075 the
542 3029 677 3088 processior
690 3029 799 3089 stupped,
812 3028 861 3076 aud
872 3045 886 3075 a
897 3029 995 3076 funeral
1008 3044 1056 3076 ora·
1104 3065 1105 3076 ,

111 3098 180 3145 ‘tion
194 3097 328 3160 (laudatio)
341 3113 388 3144 was
401 3096 521 3144 delivered
533 3096 558 3142 in
570 3097 647 3157 praise
659 3097 688 3144 of
696 3099 736 3144 the
746 3097 860 3144 deceased
869 3097 933 3144 from
946 3097 988 3143 the
1001 3101 1057 3146 Ros·

109 3170 117 3192 ‘
129 3175 167 3214 tro
179 3169 209 3228 by
219 3165 255 3210 his
267 3181 319 3221 son,
332 3180 359 3210 or
371 3180 437 3210 some
449 3179 505 3210 near
517 3163 616 3210 relation
626 3181 654 3212 or
663 3163 751 3222 friend,
759 3165 895 3212 sometimes
904 3166 936 3224 by
947 3180 962 3210 a
970 3165 1056 3226 magis·
1104 3193 1105 3228 r

109 3239 116 3261 ‘
129 3241 198 3288 trata,
210 3231 339 3293 according
351 3241 375 3278 to
388 3234 427 3277 the
439 3231 605 3292 appointment
616 3233 643 3278 of
653 3233 691 3278 the
703 3241 789 3278 senate.
821 3231 901 3277 While
914 3232 955 3278 the
964 3230 1055 3278 funeral

109 3299 222 3348 ‘oration
240 3315 288 3346 was
306 3299 445 3360 delivering‚
464 3301 504 3345 the
523 3313 606 3358 corpse
623 3315 671 3344 was
688 3299 773 3358 placed
790 3299 871 3346 before
888 3299 930 3346 the
951 3299 1055 3348 Rostro.'

108 3369 147 3416 Dr
162 3369 254 3416 Acen.
324 3366 396 3413 'See
409 3381 430 3425 p.
445 3366 486 3422 33,
499 3367 591 3414 noted.
660 3365 838 3419 “Nimiddrc
877 3367 942 3414 Thau
951 3365 1054 3427 through
1104 3369 1105 3428 l

105 3450 187 3485 excess
196 3435 225 3482 of
233 3434 310 3496 glory,
321 3434 360 3478 the
370 3432 439 3480 mind
448 3433 477 3479 of
488 3433 575 3489 Kaeso,
586 3447 646 3480 once
654 3449 680 3480 so
689 3432 865 3495 distinguished
873 3433 913 3481 for
921 3434 953 3480 its
962 3433 1053 3495 vigonr,
1104 3431 1105 3450 ¹

104 3517 155 3548 was
170 3502 299 3563 becoming
316 3499 385 3556 rauls,
403 3499 452 3548 and
469 3500 554 3564 fuding
571 3500 714 3562 completely
730 3517 805 3564 away.
913 3501 922 3530 ⁴
940 3502 987 3549 See
1003 3515 1052 3561 pra·

105 3569 194 3632 reding
208 3571 319 3630 Chapter,
333 3577 389 3615 note
401 3568 425 3615 3.
