<?xml version="1.0" encoding="UTF-8"?>
<!DOCTYPE html PUBLIC "-//W3C//DTD XHTML 1.0 Transitional//EN"
    "http://www.w3.org/TR/xhtml1/DTD/xhtml1-transitional.dtd">
<html xmlns="http://www.w3.org/1999/xhtml" xml:lang="en" lang="en">
 <head>
  <title>
</title>
<meta http-equiv="Content-Type" content="text/html;charset=utf-8" />
  <meta name='ocr-system' content='tesseract 3.04.00' />
  <meta name='ocr-capabilities' content='ocr_page ocr_carea ocr_par ocr_line ocrx_word'/>
</head>
<body>
  <div class='ocr_page' id='page_1' title='image "./titiliviipatavi04livygoog_0278.png"; bbox 0 0 2224 3862; ppageno 0'>
   <div class='ocr_carea' id='block_1_1' title="bbox 127 193 671 263">
    <p class='ocr_par' dir='ltr' id='par_1_1' title="bbox 127 193 671 263">
     <span class='ocr_line' id='line_1_1' title="bbox 127 193 671 263; baseline -0.009 -4"><span class='ocrx_word' id='word_1_1' title='bbox 127 201 185 263; x_wconf 75' lang='lat' dir='ltr'>tto</span> <span class='ocrx_word' id='word_1_2' title='bbox 515 193 550 254; x_wconf 86' lang='grc' dir='ltr'>Τ.</span> <span class='ocrx_word' id='word_1_3' title='bbox 570 193 671 256; x_wconf 84' lang='lat' dir='ltr'>Ltvtt</span> 
     </span>
    </p>
   </div>
   <div class='ocr_carea' id='block_1_2' title="bbox 33 351 1097 2883">
    <p class='ocr_par' dir='ltr' id='par_1_2' title="bbox 128 351 1061 432">
     <span class='ocr_line' id='line_1_2' title="bbox 128 351 1061 432; baseline -0.008 -13"><span class='ocrx_word' id='word_1_4' title='bbox 128 355 229 432; x_wconf 75' lang='lat' dir='ltr'>‘equis</span> <span class='ocrx_word' id='word_1_5' title='bbox 254 353 395 417; x_wconf 82' lang='lat' dir='ltr'>desilirent</span> <span class='ocrx_word' id='word_1_6' title='bbox 406 351 421 420; x_wconf 75' lang='grc' dir='ltr'>ς’</span> <span class='ocrx_word' id='word_1_7' title='bbox 441 352 563 412; x_wconf 87' lang='lat' dir='ltr'>omnium</span> <span class='ocrx_word' id='word_1_8' title='bbox 587 365 738 416; x_wconf 65' lang='lat' dir='ltr'>turmarum</span> <span class='ocrx_word' id='word_1_9' title='bbox 761 353 908 430; x_wconf 87' lang='lat' dir='ltr'>equitibus,</span> <span class='ocrx_word' id='word_1_10' title='bbox 931 352 1006 412; x_wconf 83' lang='lat' dir='ltr'>velut</span> <span class='ocrx_word' id='word_1_11' title='bbox 1026 355 1061 412; x_wconf 81' lang='lat' dir='ltr'>od</span> 
     </span>
    </p>

    <p class='ocr_par' dir='ltr' id='par_1_3' title="bbox 108 430 1062 510">
     <span class='ocr_line' id='line_1_3' title="bbox 108 430 1062 510; baseline -0.002 -16"><span class='ocrx_word' id='word_1_12' title='bbox 108 441 113 452; x_wconf 95' lang='lat'>&#39;</span> <span class='ocrx_word' id='word_1_13' title='bbox 129 435 248 502; x_wconf 86' lang='lat' dir='ltr'>consulis</span> <span class='ocrx_word' id='word_1_14' title='bbox 258 433 404 510; x_wconf 84' lang='lat' dir='ltr'>impurium</span> <span class='ocrx_word' id='word_1_15' title='bbox 412 432 504 502; x_wconf 83' lang='lat' dir='ltr'>motis,</span> <span class='ocrx_word' id='word_1_16' title='bbox 518 431 601 490; x_wconf 88' lang='lat' dir='ltr'>‘Nisi</span> <span class='ocrx_word' id='word_1_17' title='bbox 611 431 695 500; x_wconf 82' lang='lat' dir='ltr'>boec,&#39;</span> <span class='ocrx_word' id='word_1_18' title='bbox 705 432 803 508; x_wconf 86' lang='lat' dir='ltr'>iuquit,</span> <span class='ocrx_word' id='word_1_19' title='bbox 817 432 956 492; x_wconf 81' lang='lat' dir='ltr'>‘ormotu¹</span> <span class='ocrx_word' id='word_1_20' title='bbox 971 430 1062 492; x_wconf 81' lang='lat' dir='ltr'>cohors</span> 
     </span>
    </p>

    <p class='ocr_par' dir='ltr' id='par_1_4' title="bbox 130 510 1063 588">
     <span class='ocr_line' id='line_1_4' title="bbox 130 510 1063 588; baseline -0.004 -16"><span class='ocrx_word' id='word_1_21' title='bbox 130 523 138 550; x_wconf 79' lang='lat'><em>⁴</em></span> <span class='ocrx_word' id='word_1_22' title='bbox 152 515 231 578; x_wconf 80' lang='lat' dir='ltr'>sistet</span> <span class='ocrx_word' id='word_1_23' title='bbox 244 513 378 588; x_wconf 87' lang='lat' dir='ltr'>impetum</span> <span class='ocrx_word' id='word_1_24' title='bbox 393 510 523 580; x_wconf 83' lang='lat' dir='ltr'>hostium,</span> <span class='ocrx_word' id='word_1_25' title='bbox 537 523 629 573; x_wconf 83' lang='lat' dir='ltr'>sutum</span> <span class='ocrx_word' id='word_1_26' title='bbox 644 512 679 574; x_wconf 90' lang='lat' dir='ltr'>de</span> <span class='ocrx_word' id='word_1_27' title='bbox 692 512 807 587; x_wconf 86' lang='lat' dir='ltr'>imperio</span> <span class='ocrx_word' id='word_1_28' title='bbox 821 524 871 570; x_wconf 86' lang='lat' dir='ltr'>est.</span> <span class='ocrx_word' id='word_1_29' title='bbox 914 510 1063 586; x_wconf 80' lang='lat' dir='ltr'>Sequimini</span> 
     </span>
    </p>

    <p class='ocr_par' dir='ltr' id='par_1_5' title="bbox 33 589 1063 748">
     <span class='ocr_line' id='line_1_5' title="bbox 33 589 1063 676; baseline -0.004 -24"><span class='ocrx_word' id='word_1_30' title='bbox 33 659 40 676; x_wconf 25' lang='grc' dir='ltr'>ἱ</span> <span class='ocrx_word' id='word_1_31' title='bbox 128 603 200 670; x_wconf 85' lang='lat' dir='ltr'>‘pro</span> <span class='ocrx_word' id='word_1_32' title='bbox 214 593 313 652; x_wconf 85' lang='lat' dir='ltr'>vexillo</span> <span class='ocrx_word' id='word_1_33' title='bbox 327 592 470 667; x_wconf 79' lang='lat' dir='ltr'>cuspidem</span> <span class='ocrx_word' id='word_1_34' title='bbox 488 609 588 650; x_wconf 85' lang='lat' dir='ltr'>meum.</span> <span class='ocrx_word' id='word_1_35' title='bbox 629 590 777 650; x_wconf 80' lang='lat' dir='ltr'>Ostendite</span> <span class='ocrx_word' id='word_1_36' title='bbox 797 591 934 650; x_wconf 77' lang='lat' dir='ltr'>Romanis</span> <span class='ocrx_word' id='word_1_37' title='bbox 948 589 1063 648; x_wconf 85' lang='lat' dir='ltr'>Volscis-</span> 
     </span>
     <span class='ocr_line' id='line_1_6' title="bbox 127 668 1063 748; baseline -0.002 -18"><span class='ocrx_word' id='word_1_38' title='bbox 127 681 135 708; x_wconf 88' lang='lat'>‘</span> <span class='ocrx_word' id='word_1_39' title='bbox 149 693 212 748; x_wconf 85' lang='lat' dir='ltr'>que,</span> <span class='ocrx_word' id='word_1_40' title='bbox 225 691 315 747; x_wconf 82' lang='lat' dir='ltr'>nmque</span> <span class='ocrx_word' id='word_1_41' title='bbox 328 670 468 746; x_wconf 84' lang='lat' dir='ltr'>equitibus</span> <span class='ocrx_word' id='word_1_42' title='bbox 482 669 560 728; x_wconf 85' lang='lat' dir='ltr'>vobis</span> <span class='ocrx_word' id='word_1_43' title='bbox 573 670 644 728; x_wconf 86' lang='lat' dir='ltr'>ullos</span> <span class='ocrx_word' id='word_1_44' title='bbox 658 670 773 745; x_wconf 78' lang='lat' dir='ltr'>equites,</span> <span class='ocrx_word' id='word_1_45' title='bbox 787 689 839 728; x_wconf 90' lang='lat' dir='ltr'>nec</span> <span class='ocrx_word' id='word_1_46' title='bbox 852 668 997 746; x_wconf 77' lang='lat' dir='ltr'>peditibus</span> <span class='ocrx_word' id='word_1_47' title='bbox 1008 689 1063 728; x_wconf 85' lang='lat' dir='ltr'>esse</span> 
     </span>
    </p>

    <p class='ocr_par' dir='ltr' id='par_1_6' title="bbox 121 748 1064 1222">
     <span class='ocr_line' id='line_1_7' title="bbox 128 748 1064 828; baseline -0.004 -18"><span class='ocrx_word' id='word_1_48' title='bbox 128 760 136 786; x_wconf 89' lang='lat'>‘</span> <span class='ocrx_word' id='word_1_49' title='bbox 150 752 257 828; x_wconf 88' lang='lat' dir='ltr'>pedites</span> <span class='ocrx_word' id='word_1_50' title='bbox 271 749 366 827; x_wconf 63' lang='lat' dir='ltr'>porco!</span> <span class='ocrx_word' id='word_1_51' title='bbox 407 749 501 814; x_wconf 83' lang='lat' dir='ltr'>Quum</span> <span class='ocrx_word' id='word_1_52' title='bbox 510 749 628 811; x_wconf 79' lang='lat' dir='ltr'>clamore</span> <span class='ocrx_word' id='word_1_53' title='bbox 638 748 1064 825; x_wconf 83' lang='lat' dir='ltr'>comprobctnedhortutioessot,</span> 
     </span>
     <span class='ocr_line' id='line_1_8' title="bbox 126 827 1064 905; baseline -0.002 -19"><span class='ocrx_word' id='word_1_54' title='bbox 126 831 205 890; x_wconf 82' lang='lat' dir='ltr'>-vcdit</span> <span class='ocrx_word' id='word_1_55' title='bbox 222 831 280 888; x_wconf 76' lang='lat' dir='ltr'>eltb</span> <span class='ocrx_word' id='word_1_56' title='bbox 299 828 442 905; x_wconf 82' lang='lat' dir='ltr'>cuspidem</span> <span class='ocrx_word' id='word_1_57' title='bbox 461 847 567 904; x_wconf 80' lang='lat' dir='ltr'>gerens.</span> <span class='ocrx_word' id='word_1_58' title='bbox 607 828 780 904; x_wconf 72' lang='lat' dir='ltr'>Quicunque</span> <span class='ocrx_word' id='word_1_59' title='bbox 798 827 942 896; x_wconf 84' lang='lat' dir='ltr'>incedunt,</span> <span class='ocrx_word' id='word_1_60' title='bbox 958 827 986 884; x_wconf 88' lang='lat' dir='ltr'>ri</span> <span class='ocrx_word' id='word_1_61' title='bbox 998 827 1064 886; x_wconf 86' lang='lat' dir='ltr'>viem</span> 
     </span>
     <span class='ocr_line' id='line_1_9' title="bbox 127 905 1064 984; baseline -0.003 -17"><span class='ocrx_word' id='word_1_62' title='bbox 127 911 248 970; x_wconf 79' lang='lat' dir='ltr'>fuciunt:</span> <span class='ocrx_word' id='word_1_63' title='bbox 261 905 295 966; x_wconf 79' lang='lat' dir='ltr'>eb</span> <span class='ocrx_word' id='word_1_64' title='bbox 307 929 338 968; x_wconf 88' lang='lat' dir='ltr'>se</span> <span class='ocrx_word' id='word_1_65' title='bbox 352 909 472 966; x_wconf 82' lang='lat' dir='ltr'>inferunt</span> <span class='ocrx_word' id='word_1_66' title='bbox 484 907 598 984; x_wconf 89' lang='lat' dir='ltr'>objectis</span> <span class='ocrx_word' id='word_1_67' title='bbox 611 907 722 984; x_wconf 82' lang='lat' dir='ltr'>parntis,</span> <span class='ocrx_word' id='word_1_68' title='bbox 736 907 785 968; x_wconf 86' lang='lat' dir='ltr'>ubi</span> <span class='ocrx_word' id='word_1_69' title='bbox 798 927 910 966; x_wconf 87' lang='lat' dir='ltr'>suorum</span> <span class='ocrx_word' id='word_1_70' title='bbox 920 907 1064 983; x_wconf 87' lang='lat' dir='ltr'>plurimum</span> 
     </span>
     <span class='ocr_line' id='line_1_10' title="bbox 128 986 1064 1062; baseline -0.002 -16"><span class='ocrx_word' id='word_1_71' title='bbox 128 990 249 1050; x_wconf 75' lang='lat' dir='ltr'>laborem</span> <span class='ocrx_word' id='word_1_72' title='bbox 269 988 371 1046; x_wconf 83' lang='lat' dir='ltr'>rident.</span> <span class='ocrx_word' id='word_1_73' title='bbox 413 986 581 1046; x_wconf 84' lang='lat' dir='ltr'>Restituitur</span> <span class='ocrx_word' id='word_1_74' title='bbox 594 986 721 1047; x_wconf 85' lang='lat' dir='ltr'>omnibus</span> <span class='ocrx_word' id='word_1_75' title='bbox 740 987 808 1046; x_wconf 88' lang='lat' dir='ltr'>locis</span> <span class='ocrx_word' id='word_1_76' title='bbox 827 1005 930 1062; x_wconf 78' lang='lat' dir='ltr'>pugno,</span> <span class='ocrx_word' id='word_1_77' title='bbox 953 986 983 1042; x_wconf 91' lang='lat' dir='ltr'>in</span> <span class='ocrx_word' id='word_1_78' title='bbox 1002 1005 1064 1061; x_wconf 80' lang='lat' dir='ltr'>queo</span> 
     </span>
     <span class='ocr_line' id='line_1_11' title="bbox 121 1065 1063 1144; baseline -0.005 -18"><span class='ocrx_word' id='word_1_79' title='bbox 121 1089 177 1138; x_wconf 72' lang='lat' dir='ltr'>cos</span> <span class='ocrx_word' id='word_1_80' title='bbox 190 1069 310 1144; x_wconf 84' lang='lat' dir='ltr'>impetus</span> <span class='ocrx_word' id='word_1_81' title='bbox 324 1066 405 1124; x_wconf 88' lang='lat' dir='ltr'>tulit:</span> <span class='ocrx_word' id='word_1_82' title='bbox 421 1085 473 1128; x_wconf 79' lang='lat' dir='ltr'>uec</span> <span class='ocrx_word' id='word_1_83' title='bbox 486 1066 599 1124; x_wconf 89' lang='lat' dir='ltr'>dubium</span> <span class='ocrx_word' id='word_1_84' title='bbox 614 1078 681 1134; x_wconf 83' lang='lat' dir='ltr'>eret,</span> <span class='ocrx_word' id='word_1_85' title='bbox 695 1065 770 1141; x_wconf 90' lang='lat' dir='ltr'>quin,</span> <span class='ocrx_word' id='word_1_86' title='bbox 784 1065 808 1122; x_wconf 92' lang='lat' dir='ltr'>si</span> <span class='ocrx_word' id='word_1_87' title='bbox 821 1077 878 1122; x_wconf 85' lang='lat' dir='ltr'>tam</span> <span class='ocrx_word' id='word_1_88' title='bbox 891 1065 979 1141; x_wconf 82' lang='lat' dir='ltr'>ponci</span> <span class='ocrx_word' id='word_1_89' title='bbox 991 1065 1063 1124; x_wconf 90' lang='lat' dir='ltr'>simul</span> 
     </span>
     <span class='ocr_line' id='line_1_12' title="bbox 129 1143 863 1222; baseline -0.008 -16"><span class='ocrx_word' id='word_1_90' title='bbox 129 1149 205 1216; x_wconf 85' lang='lat' dir='ltr'>obire</span> <span class='ocrx_word' id='word_1_91' title='bbox 219 1147 311 1204; x_wconf 81' lang='lat' dir='ltr'>omniu</span> <span class='ocrx_word' id='word_1_92' title='bbox 323 1157 444 1222; x_wconf 81' lang='lat' dir='ltr'>possent,</span> <span class='ocrx_word' id='word_1_93' title='bbox 458 1157 534 1222; x_wconf 79' lang='lat' dir='ltr'>tergo</span> <span class='ocrx_word' id='word_1_94' title='bbox 547 1143 637 1202; x_wconf 82' lang='lat' dir='ltr'>daturi</span> <span class='ocrx_word' id='word_1_95' title='bbox 650 1144 743 1204; x_wconf 85' lang='lat' dir='ltr'>hostes</span> <span class='ocrx_word' id='word_1_96' title='bbox 754 1144 863 1202; x_wconf 80' lang='lat' dir='ltr'>fuerint.</span> 
     </span>
    </p>

    <p class='ocr_par' dir='ltr' id='par_1_7' title="bbox 64 1221 1097 2883">
     <span class='ocr_line' id='line_1_13' title="bbox 64 1221 1062 1300; baseline -0.004 -18"><span class='ocrx_word' id='word_1_97' title='bbox 64 1271 66 1282; x_wconf 90' lang='lat'>.</span> <span class='ocrx_word' id='word_1_98' title='bbox 167 1225 307 1286; x_wconf 84' lang='lat' dir='ltr'>XXXIX.</span> <span class='ocrx_word' id='word_1_99' title='bbox 328 1224 367 1282; x_wconf 91' lang='lat' dir='ltr'>Et</span> <span class='ocrx_word' id='word_1_100' title='bbox 380 1244 464 1299; x_wconf 91' lang='lat' dir='ltr'>quum</span> <span class='ocrx_word' id='word_1_101' title='bbox 475 1223 533 1300; x_wconf 82' lang='lat' dir='ltr'>jam</span> <span class='ocrx_word' id='word_1_102' title='bbox 546 1235 623 1300; x_wconf 82' lang='lat' dir='ltr'>perte</span> <span class='ocrx_word' id='word_1_103' title='bbox 638 1223 712 1282; x_wconf 74' lang='lat' dir='ltr'>nulli</span> <span class='ocrx_word' id='word_1_104' title='bbox 725 1224 939 1291; x_wconf 77' lang='lat' dir='ltr'>sustinerentur,</span> <span class='ocrx_word' id='word_1_105' title='bbox 954 1224 1003 1282; x_wconf 82' lang='lat' dir='ltr'>dot</span> <span class='ocrx_word' id='word_1_106' title='bbox 1014 1221 1062 1298; x_wconf 79' lang='lat' dir='ltr'>sig-</span> 
     </span>
     <span class='ocr_line' id='line_1_14' title="bbox 127 1301 1060 1380; baseline -0.004 -18"><span class='ocrx_word' id='word_1_107' title='bbox 127 1325 195 1370; x_wconf 84' lang='lat' dir='ltr'>uum</span> <span class='ocrx_word' id='word_1_108' title='bbox 209 1306 326 1362; x_wconf 88' lang='lat' dir='ltr'>Volscus</span> <span class='ocrx_word' id='word_1_109' title='bbox 339 1304 495 1380; x_wconf 79' lang='lat' dir='ltr'>imperator,</span> <span class='ocrx_word' id='word_1_110' title='bbox 507 1316 539 1360; x_wconf 87' lang='lat' dir='ltr'>ut</span> <span class='ocrx_word' id='word_1_111' title='bbox 553 1303 691 1378; x_wconf 78' lang='lat' dir='ltr'>permotis,</span> <span class='ocrx_word' id='word_1_112' title='bbox 712 1323 798 1360; x_wconf 82' lang='lat' dir='ltr'>novoe</span> <span class='ocrx_word' id='word_1_113' title='bbox 812 1301 922 1362; x_wconf 79' lang='lat' dir='ltr'>cohorti</span> <span class='ocrx_word' id='word_1_114' title='bbox 940 1301 1060 1368; x_wconf 89' lang='lat' dir='ltr'>hostium,</span> 
     </span>
     <span class='ocr_line' id='line_1_15' title="bbox 125 1381 1062 1459; baseline -0.005 -17"><span class='ocrx_word' id='word_1_115' title='bbox 125 1386 206 1442; x_wconf 88' lang='lat' dir='ltr'>locus</span> <span class='ocrx_word' id='word_1_116' title='bbox 224 1385 313 1452; x_wconf 88' lang='lat' dir='ltr'>detur,</span> <span class='ocrx_word' id='word_1_117' title='bbox 334 1383 422 1440; x_wconf 88' lang='lat' dir='ltr'>donec</span> <span class='ocrx_word' id='word_1_118' title='bbox 435 1383 541 1459; x_wconf 87' lang='lat' dir='ltr'>impetu</span> <span class='ocrx_word' id='word_1_119' title='bbox 555 1381 623 1440; x_wconf 82' lang='lat' dir='ltr'>illati</span> <span class='ocrx_word' id='word_1_120' title='bbox 636 1383 670 1443; x_wconf 84' lang='lat' dir='ltr'>ub</span> <span class='ocrx_word' id='word_1_121' title='bbox 683 1382 740 1442; x_wconf 82' lang='lat' dir='ltr'>suis</span> <span class='ocrx_word' id='word_1_122' title='bbox 754 1382 948 1440; x_wconf 77' lang='lat' dir='ltr'>excludentur.</span> <span class='ocrx_word' id='word_1_123' title='bbox 988 1381 1062 1446; x_wconf 84' lang='lat' dir='ltr'>Quod</span> 
     </span>
     <span class='ocr_line' id='line_1_16' title="bbox 128 1459 1061 1538; baseline -0.004 -18"><span class='ocrx_word' id='word_1_124' title='bbox 128 1463 177 1520; x_wconf 86' lang='lat' dir='ltr'>ubi</span> <span class='ocrx_word' id='word_1_125' title='bbox 186 1475 228 1520; x_wconf 86' lang='lat' dir='ltr'>est</span> <span class='ocrx_word' id='word_1_126' title='bbox 237 1464 349 1528; x_wconf 82' lang='lat' dir='ltr'>fectum,</span> <span class='ocrx_word' id='word_1_127' title='bbox 363 1461 505 1520; x_wconf 89' lang='lat' dir='ltr'>interclusi</span> <span class='ocrx_word' id='word_1_128' title='bbox 514 1461 638 1538; x_wconf 82' lang='lat' dir='ltr'>equites:</span> <span class='ocrx_word' id='word_1_129' title='bbox 652 1481 704 1518; x_wconf 91' lang='lat' dir='ltr'>uec</span> <span class='ocrx_word' id='word_1_130' title='bbox 713 1481 889 1538; x_wconf 82' lang='lat' dir='ltr'>perrumpere</span> <span class='ocrx_word' id='word_1_131' title='bbox 899 1459 1061 1534; x_wconf 72' lang='lat' dir='ltr'>eidemqui</span> 
     </span>
     <span class='ocr_line' id='line_1_17' title="bbox 128 1538 1059 1616; baseline -0.002 -18"><span class='ocrx_word' id='word_1_132' title='bbox 128 1542 300 1608; x_wconf 78' lang='lat' dir='ltr'>transierunt,</span> <span class='ocrx_word' id='word_1_133' title='bbox 321 1559 418 1616; x_wconf 58' lang='lat' dir='ltr'>possm</span> <span class='ocrx_word' id='word_1_134' title='bbox 438 1540 476 1598; x_wconf 90' lang='lat' dir='ltr'>ibi</span> <span class='ocrx_word' id='word_1_135' title='bbox 489 1541 608 1601; x_wconf 69' lang='lat' dir='ltr'>maxime</span> <span class='ocrx_word' id='word_1_136' title='bbox 622 1541 750 1602; x_wconf 87' lang='lat' dir='ltr'>confertis</span> <span class='ocrx_word' id='word_1_137' title='bbox 769 1538 903 1610; x_wconf 89' lang='lat' dir='ltr'>hostibus,</span> <span class='ocrx_word' id='word_1_138' title='bbox 924 1542 983 1616; x_wconf 71' lang='lat' dir='ltr'>qui</span> <span class='ocrx_word' id='word_1_139' title='bbox 998 1541 1059 1596; x_wconf 82' lang='lat' dir='ltr'>rictu</span> 
     </span>
     <span class='ocr_line' id='line_1_18' title="bbox 124 1619 1059 1695; baseline -0.001 -17"><span class='ocrx_word' id='word_1_140' title='bbox 124 1622 265 1690; x_wconf 80' lang='lat' dir='ltr'>¹feceruut:</span> <span class='ocrx_word' id='word_1_141' title='bbox 285 1631 314 1678; x_wconf 86' lang='lat' dir='ltr'>et</span> <span class='ocrx_word' id='word_1_142' title='bbox 327 1619 421 1684; x_wconf 86' lang='lat' dir='ltr'>consul</span> <span class='ocrx_word' id='word_1_143' title='bbox 435 1619 610 1694; x_wconf 79' lang='lat' dir='ltr'>legionesque</span> <span class='ocrx_word' id='word_1_144' title='bbox 625 1620 776 1687; x_wconf 72' lang='lat' dir='ltr'>Romanae,</span> <span class='ocrx_word' id='word_1_145' title='bbox 790 1640 884 1695; x_wconf 81' lang='lat' dir='ltr'>quum,</span> <span class='ocrx_word' id='word_1_146' title='bbox 900 1621 979 1695; x_wconf 92' lang='lat' dir='ltr'>quod</span> <span class='ocrx_word' id='word_1_147' title='bbox 992 1632 1059 1694; x_wconf 78' lang='lat' dir='ltr'>tegu-</span> 
     </span>
     <span class='ocr_line' id='line_1_19' title="bbox 127 1695 1058 1774; baseline -0.004 -18"><span class='ocrx_word' id='word_1_148' title='bbox 127 1719 196 1758; x_wconf 87' lang='lat' dir='ltr'>men</span> <span class='ocrx_word' id='word_1_149' title='bbox 208 1695 292 1761; x_wconf 73' lang='lat' dir='ltr'>modo</span> <span class='ocrx_word' id='word_1_150' title='bbox 306 1698 394 1756; x_wconf 87' lang='lat' dir='ltr'>omnis</span> <span class='ocrx_word' id='word_1_151' title='bbox 410 1697 547 1756; x_wconf 79' lang='lat' dir='ltr'>exercitiis</span> <span class='ocrx_word' id='word_1_152' title='bbox 560 1699 657 1765; x_wconf 81' lang='lat' dir='ltr'>fueret,</span> <span class='ocrx_word' id='word_1_153' title='bbox 675 1719 810 1774; x_wconf 81' lang='lat' dir='ltr'>nusquam</span> <span class='ocrx_word' id='word_1_154' title='bbox 824 1699 962 1768; x_wconf 87' lang='lat' dir='ltr'>viderent,</span> <span class='ocrx_word' id='word_1_155' title='bbox 980 1719 1013 1757; x_wconf 89' lang='lat' dir='ltr'>ue</span> <span class='ocrx_word' id='word_1_156' title='bbox 1025 1709 1058 1754; x_wconf 89' lang='lat' dir='ltr'>tot</span> 
     </span>
     <span class='ocr_line' id='line_1_20' title="bbox 128 1776 1058 1854; baseline -0.005 -18"><span class='ocrx_word' id='word_1_157' title='bbox 128 1778 291 1848; x_wconf 79' lang='lat' dir='ltr'>fortissimos</span> <span class='ocrx_word' id='word_1_158' title='bbox 314 1777 387 1842; x_wconf 82' lang='lat' dir='ltr'>viros</span> <span class='ocrx_word' id='word_1_159' title='bbox 409 1776 570 1836; x_wconf 85' lang='lat' dir='ltr'>interclusos</span> <span class='ocrx_word' id='word_1_160' title='bbox 591 1778 757 1854; x_wconf 88' lang='lat' dir='ltr'>opprimeret</span> <span class='ocrx_word' id='word_1_161' title='bbox 778 1777 873 1846; x_wconf 85' lang='lat' dir='ltr'>hostis,</span> <span class='ocrx_word' id='word_1_162' title='bbox 899 1779 1017 1836; x_wconf 86' lang='lat' dir='ltr'>tendunt</span> <span class='ocrx_word' id='word_1_163' title='bbox 1036 1777 1058 1832; x_wconf 89' lang='lat' dir='ltr'>iu</span> 
     </span>
     <span class='ocr_line' id='line_1_21' title="bbox 124 1831 1097 1935; baseline -0.005 -19"><span class='ocrx_word' id='word_1_164' title='bbox 124 1877 322 1935; x_wconf 77' lang='lat' dir='ltr'>,quemcunque</span> <span class='ocrx_word' id='word_1_165' title='bbox 331 1875 433 1922; x_wconf 76' lang='lat' dir='ltr'>cutum·</span> <span class='ocrx_word' id='word_1_166' title='bbox 453 1855 565 1917; x_wconf 86' lang='lat' dir='ltr'>Diversi</span> <span class='ocrx_word' id='word_1_167' title='bbox 574 1856 676 1924; x_wconf 87' lang='lat' dir='ltr'>Volsci,</span> <span class='ocrx_word' id='word_1_168' title='bbox 685 1856 897 1916; x_wconf 84' lang='lat' dir='ltr'>biucconsuletn</span> <span class='ocrx_word' id='word_1_169' title='bbox 907 1877 941 1916; x_wconf 84' lang='lat' dir='ltr'>ec</span> <span class='ocrx_word' id='word_1_170' title='bbox 949 1858 1057 1933; x_wconf 84' lang='lat' dir='ltr'>legiones</span> <span class='ocrx_word' id='word_1_171' title='bbox 1096 1831 1097 1901; x_wconf 83' lang='lat' dir='ltr'>l</span> 
     </span>
     <span class='ocr_line' id='line_1_22' title="bbox 129 1933 1056 2012; baseline -0.012 -14"><span class='ocrx_word' id='word_1_172' title='bbox 129 1939 274 2007; x_wconf 80' lang='lat' dir='ltr'>sustinere,</span> <span class='ocrx_word' id='word_1_173' title='bbox 287 1937 372 1996; x_wconf 78' lang='lat' dir='ltr'>altero</span> <span class='ocrx_word' id='word_1_174' title='bbox 379 1936 468 1993; x_wconf 86' lang='lat' dir='ltr'>fronte</span> <span class='ocrx_word' id='word_1_175' title='bbox 479 1935 579 1992; x_wconf 82' lang='lat' dir='ltr'>instare</span> <span class='ocrx_word' id='word_1_176' title='bbox 590 1935 743 2012; x_wconf 80' lang='lat' dir='ltr'>Tempanio</span> <span class='ocrx_word' id='word_1_177' title='bbox 750 1948 832 2011; x_wconf 86' lang='lat' dir='ltr'>utque</span> <span class='ocrx_word' id='word_1_178' title='bbox 843 1937 992 2012; x_wconf 89' lang='lat' dir='ltr'>equitibus.</span> <span class='ocrx_word' id='word_1_179' title='bbox 1011 1933 1056 1999; x_wconf 86' lang='lat' dir='ltr'>Qui</span> 
     </span>
     <span class='ocr_line' id='line_1_23' title="bbox 123 2014 1055 2094; baseline -0.004 -18"><span class='ocrx_word' id='word_1_180' title='bbox 123 2035 304 2094; x_wconf 73' lang='lat' dir='ltr'>,quamsaepe</span> <span class='ocrx_word' id='word_1_181' title='bbox 312 2014 403 2082; x_wconf 78' lang='lat' dir='ltr'>cunuti</span> <span class='ocrx_word' id='word_1_182' title='bbox 411 2016 751 2091; x_wconf 86' lang='lat' dir='ltr'>nequissentperrumpere</span> <span class='ocrx_word' id='word_1_183' title='bbox 759 2017 793 2074; x_wconf 82' lang='lat' dir='ltr'>nd</span> <span class='ocrx_word' id='word_1_184' title='bbox 801 2035 874 2083; x_wconf 84' lang='lat' dir='ltr'>suos,</span> <span class='ocrx_word' id='word_1_185' title='bbox 884 2017 1055 2091; x_wconf 77' lang='lat' dir='ltr'>tumuloque</span> 
     </span>
     <span class='ocr_line' id='line_1_24' title="bbox 128 2093 1096 2173; baseline -0.007 -16"><span class='ocrx_word' id='word_1_186' title='bbox 128 2100 192 2157; x_wconf 81' lang='lat' dir='ltr'>dnm</span> <span class='ocrx_word' id='word_1_187' title='bbox 201 2107 344 2171; x_wconf 84' lang='lat' dir='ltr'>occupato,</span> <span class='ocrx_word' id='word_1_188' title='bbox 354 2095 383 2152; x_wconf 91' lang='lat' dir='ltr'>in</span> <span class='ocrx_word' id='word_1_189' title='bbox 393 2095 487 2152; x_wconf 87' lang='lat' dir='ltr'>orbem</span> <span class='ocrx_word' id='word_1_190' title='bbox 497 2114 527 2152; x_wconf 87' lang='lat' dir='ltr'>se</span> <span class='ocrx_word' id='word_1_191' title='bbox 535 2093 703 2163; x_wconf 80' lang='lat' dir='ltr'>tutabantur,</span> <span class='ocrx_word' id='word_1_192' title='bbox 713 2113 883 2170; x_wconf 82' lang='lat' dir='ltr'>nequaquem</span> <span class='ocrx_word' id='word_1_193' title='bbox 894 2096 985 2153; x_wconf 84' lang='lat' dir='ltr'>inulti.</span> <span class='ocrx_word' id='word_1_194' title='bbox 1005 2094 1054 2152; x_wconf 85' lang='lat' dir='ltr'>Nee</span> <span class='ocrx_word' id='word_1_195' title='bbox 1095 2107 1096 2173; x_wconf 64' lang='lat' dir='ltr'>t</span> 
     </span>
     <span class='ocr_line' id='line_1_25' title="bbox 130 2173 1053 2253; baseline 0 -23"><span class='ocrx_word' id='word_1_196' title='bbox 130 2195 238 2253; x_wconf 72' lang='lat' dir='ltr'>pugnae</span> <span class='ocrx_word' id='word_1_197' title='bbox 252 2175 313 2232; x_wconf 88' lang='lat' dir='ltr'>finis</span> <span class='ocrx_word' id='word_1_198' title='bbox 326 2185 390 2232; x_wconf 85' lang='lat' dir='ltr'>ente</span> <span class='ocrx_word' id='word_1_199' title='bbox 403 2185 513 2230; x_wconf 87' lang='lat' dir='ltr'>noctem</span> <span class='ocrx_word' id='word_1_200' title='bbox 526 2173 586 2230; x_wconf 87' lang='lat' dir='ltr'>fuit.</span> <span class='ocrx_word' id='word_1_201' title='bbox 628 2173 732 2231; x_wconf 84' lang='lat' dir='ltr'>Consul</span> <span class='ocrx_word' id='word_1_202' title='bbox 745 2173 863 2250; x_wconf 87' lang='lat' dir='ltr'>qubque,</span> <span class='ocrx_word' id='word_1_203' title='bbox 873 2194 1008 2251; x_wconf 79' lang='lat' dir='ltr'>nusquam</span> <span class='ocrx_word' id='word_1_204' title='bbox 1020 2193 1053 2230; x_wconf 85' lang='lat' dir='ltr'>re·</span> 
     </span>
     <span class='ocr_line' id='line_1_26' title="bbox 127 2251 1095 2328; baseline -0.003 -16"><span class='ocrx_word' id='word_1_205' title='bbox 127 2257 214 2322; x_wconf 83' lang='lat' dir='ltr'>misso</span> <span class='ocrx_word' id='word_1_206' title='bbox 226 2253 383 2321; x_wconf 63' lang='lat' dir='ltr'>certamine,</span> <span class='ocrx_word' id='word_1_207' title='bbox 405 2253 471 2310; x_wconf 88' lang='lat' dir='ltr'>dnm</span> <span class='ocrx_word' id='word_1_208' title='bbox 492 2251 638 2327; x_wconf 80' lang='lat' dir='ltr'>quicquam</span> <span class='ocrx_word' id='word_1_209' title='bbox 652 2252 787 2328; x_wconf 83' lang='lat' dir='ltr'>superfuit</span> <span class='ocrx_word' id='word_1_210' title='bbox 804 2253 882 2320; x_wconf 87' lang='lat' dir='ltr'>lucis,</span> <span class='ocrx_word' id='word_1_211' title='bbox 904 2253 1009 2314; x_wconf 86' lang='lat' dir='ltr'>hostem</span> <span class='ocrx_word' id='word_1_212' title='bbox 1021 2265 1054 2310; x_wconf 86' lang='lat' dir='ltr'>te·</span> <span class='ocrx_word' id='word_1_213' title='bbox 1094 2315 1095 2324; x_wconf 10' lang='grc' dir='ltr'>χ</span> 
     </span>
     <span class='ocr_line' id='line_1_27' title="bbox 129 2331 1095 2407; baseline -0.003 -17"><span class='ocrx_word' id='word_1_214' title='bbox 129 2334 208 2390; x_wconf 90' lang='lat' dir='ltr'>nuit:</span> <span class='ocrx_word' id='word_1_215' title='bbox 228 2352 283 2388; x_wconf 84' lang='lat' dir='ltr'>nor</span> <span class='ocrx_word' id='word_1_216' title='bbox 297 2331 415 2388; x_wconf 89' lang='lat' dir='ltr'>incertos</span> <span class='ocrx_word' id='word_1_217' title='bbox 429 2331 557 2388; x_wconf 86' lang='lat' dir='ltr'>diremit:</span> <span class='ocrx_word' id='word_1_218' title='bbox 577 2343 724 2407; x_wconf 84' lang='lat' dir='ltr'>tantusque</span> <span class='ocrx_word' id='word_1_219' title='bbox 737 2332 772 2388; x_wconf 86' lang='lat' dir='ltr'>cb</span> <span class='ocrx_word' id='word_1_220' title='bbox 785 2331 973 2407; x_wconf 81' lang='lat' dir='ltr'>imprudentiti</span> <span class='ocrx_word' id='word_1_221' title='bbox 985 2350 1053 2390; x_wconf 85' lang='lat' dir='ltr'>eren·</span> <span class='ocrx_word' id='word_1_222' title='bbox 1094 2359 1095 2370; x_wconf 56' lang='lat'>2</span> 
     </span>
     <span class='ocr_line' id='line_1_28' title="bbox 124 2377 1095 2486; baseline -0.005 -16"><span class='ocrx_word' id='word_1_223' title='bbox 124 2411 198 2470; x_wconf 77' lang='lat' dir='ltr'>tris²</span> <span class='ocrx_word' id='word_1_224' title='bbox 211 2422 327 2486; x_wconf 77' lang='lat' dir='ltr'>utreque</span> <span class='ocrx_word' id='word_1_225' title='bbox 341 2421 429 2466; x_wconf 80' lang='lat' dir='ltr'>cestro</span> <span class='ocrx_word' id='word_1_226' title='bbox 441 2409 531 2466; x_wconf 83' lang='lat' dir='ltr'>tenuit</span> <span class='ocrx_word' id='word_1_227' title='bbox 539 2429 632 2486; x_wconf 81' lang='lat' dir='ltr'>pavor,</span> <span class='ocrx_word' id='word_1_228' title='bbox 646 2423 687 2477; x_wconf 87' lang='lat' dir='ltr'>ut,</span> <span class='ocrx_word' id='word_1_229' title='bbox 701 2410 802 2468; x_wconf 89' lang='lat' dir='ltr'>relictis</span> <span class='ocrx_word' id='word_1_230' title='bbox 814 2412 915 2470; x_wconf 80' lang='lat' dir='ltr'>sauciis</span> <span class='ocrx_word' id='word_1_231' title='bbox 929 2425 959 2470; x_wconf 88' lang='lat' dir='ltr'>et</span> <span class='ocrx_word' id='word_1_232' title='bbox 971 2410 1054 2486; x_wconf 76' lang='lat' dir='ltr'>magni</span> <span class='ocrx_word' id='word_1_233' title='bbox 1094 2377 1095 2445; x_wconf 79' lang='lat' dir='ltr'>l</span> 
     </span>
     <span class='ocr_line' id='line_1_29' title="bbox 130 2488 1052 2568; baseline 0 -22"><span class='ocrx_word' id='word_1_234' title='bbox 130 2502 207 2568; x_wconf 78' lang='lat' dir='ltr'>perte</span> <span class='ocrx_word' id='word_1_235' title='bbox 217 2488 485 2565; x_wconf 78' lang='lat' dir='ltr'>impedimentorum,</span> <span class='ocrx_word' id='word_1_236' title='bbox 499 2488 581 2548; x_wconf 87' lang='lat' dir='ltr'>umbo</span> <span class='ocrx_word' id='word_1_237' title='bbox 591 2507 641 2564; x_wconf 89' lang='lat' dir='ltr'>pro</span> <span class='ocrx_word' id='word_1_238' title='bbox 651 2489 730 2548; x_wconf 86' lang='lat' dir='ltr'>victis</span> <span class='ocrx_word' id='word_1_239' title='bbox 738 2489 914 2550; x_wconf 82' lang='lat' dir='ltr'>exercitusse</span> <span class='ocrx_word' id='word_1_240' title='bbox 924 2491 954 2548; x_wconf 91' lang='lat' dir='ltr'>in</span> <span class='ocrx_word' id='word_1_241' title='bbox 962 2503 1052 2548; x_wconf 86' lang='lat' dir='ltr'>montet</span> 
     </span>
     <span class='ocr_line' id='line_1_30' title="bbox 130 2567 1094 2646; baseline -0.002 -20"><span class='ocrx_word' id='word_1_242' title='bbox 130 2569 270 2646; x_wconf 84' lang='lat' dir='ltr'>proximos</span> <span class='ocrx_word' id='word_1_243' title='bbox 280 2567 441 2644; x_wconf 84' lang='lat' dir='ltr'>reciperent.</span> <span class='ocrx_word' id='word_1_244' title='bbox 482 2567 1052 2631; x_wconf 79' lang='lat' dir='ltr'>Tumulustutuencircumsessusultrume·</span> <span class='ocrx_word' id='word_1_245' title='bbox 1093 2603 1094 2642; x_wconf 29' lang='grc' dir='ltr'>ᾗ</span> 
     </span>
     <span class='ocr_line' id='line_1_31' title="bbox 125 2641 1094 2722; baseline -0.004 -16"><span class='ocrx_word' id='word_1_246' title='bbox 125 2649 203 2708; x_wconf 64' lang='lat' dir='ltr'>,diem</span> <span class='ocrx_word' id='word_1_247' title='bbox 217 2659 327 2716; x_wconf 77' lang='lat' dir='ltr'>nectem</span> <span class='ocrx_word' id='word_1_248' title='bbox 345 2659 396 2706; x_wconf 79' lang='lat' dir='ltr'>est·</span> <span class='ocrx_word' id='word_1_249' title='bbox 437 2641 501 2712; x_wconf 74' lang='lat' dir='ltr'>Quo</span> <span class='ocrx_word' id='word_1_250' title='bbox 515 2666 601 2722; x_wconf 89' lang='lat' dir='ltr'>quum</span> <span class='ocrx_word' id='word_1_251' title='bbox 622 2647 884 2708; x_wconf 86' lang='lat' dir='ltr'>circumsedentibus</span> <span class='ocrx_word' id='word_1_252' title='bbox 905 2649 1051 2708; x_wconf 76' lang='lat' dir='ltr'>nunciatum</span> <span class='ocrx_word' id='word_1_253' title='bbox 1093 2649 1094 2717; x_wconf 77' lang='lat' dir='ltr'>l</span> 
     </span>
     <span class='ocr_line' id='line_1_32' title="bbox 123 2724 1051 2804; baseline -0.002 -18"><span class='ocrx_word' id='word_1_254' title='bbox 123 2741 212 2796; x_wconf 29' lang='lat' dir='ltr'>resset,</span> <span class='ocrx_word' id='word_1_255' title='bbox 228 2727 449 2791; x_wconf 81' lang='lat' dir='ltr'>‘cestradeserto</span> <span class='ocrx_word' id='word_1_256' title='bbox 459 2724 536 2792; x_wconf 81' lang='lat' dir='ltr'>esso,’</span> <span class='ocrx_word' id='word_1_257' title='bbox 550 2727 637 2786; x_wconf 83' lang='lat' dir='ltr'>victos</span> <span class='ocrx_word' id='word_1_258' title='bbox 647 2727 699 2788; x_wconf 79' lang='lat' dir='ltr'>rati</span> <span class='ocrx_word' id='word_1_259' title='bbox 708 2746 781 2794; x_wconf 87' lang='lat' dir='ltr'>suos,</span> <span class='ocrx_word' id='word_1_260' title='bbox 795 2727 895 2804; x_wconf 82' lang='lat' dir='ltr'>stipsi,</span> <span class='ocrx_word' id='word_1_261' title='bbox 909 2729 1051 2804; x_wconf 73' lang='lat' dir='ltr'>quinquen·</span> 
     </span>
     <span class='ocr_line' id='line_1_33' title="bbox 130 2803 1051 2883; baseline -0.004 -16"><span class='ocrx_word' id='word_1_262' title='bbox 130 2827 184 2882; x_wconf 91' lang='lat' dir='ltr'>que</span> <span class='ocrx_word' id='word_1_263' title='bbox 198 2805 359 2867; x_wconf 85' lang='lat' dir='ltr'>intenebris</span> <span class='ocrx_word' id='word_1_264' title='bbox 373 2824 457 2881; x_wconf 78' lang='lat' dir='ltr'>puror</span> <span class='ocrx_word' id='word_1_265' title='bbox 469 2805 540 2872; x_wconf 86' lang='lat' dir='ltr'>tulit,</span> <span class='ocrx_word' id='word_1_266' title='bbox 554 2806 692 2881; x_wconf 81' lang='lat' dir='ltr'>fugerunt.</span> <span class='ocrx_word' id='word_1_267' title='bbox 731 2806 900 2883; x_wconf 73' lang='lat' dir='ltr'>Tempanius</span> <span class='ocrx_word' id='word_1_268' title='bbox 912 2820 989 2866; x_wconf 87' lang='lat' dir='ltr'>metu</span> <span class='ocrx_word' id='word_1_269' title='bbox 1000 2803 1051 2864; x_wconf 88' lang='lat' dir='ltr'>insi·</span> 
     </span>
    </p>
   </div>
   <div class='ocr_carea' id='block_1_3' title="bbox 129 2884 1092 3356">
    <p class='ocr_par' dir='ltr' id='par_1_8' title="bbox 129 2884 1092 3356">
     <span class='ocr_line' id='line_1_34' title="bbox 131 2884 1050 2964; baseline -0.002 -22"><span class='ocrx_word' id='word_1_270' title='bbox 131 2887 238 2943; x_wconf 88' lang='lat' dir='ltr'>dierum</span> <span class='ocrx_word' id='word_1_271' title='bbox 258 2905 322 2941; x_wconf 88' lang='lat' dir='ltr'>suos</span> <span class='ocrx_word' id='word_1_272' title='bbox 341 2886 377 2942; x_wconf 82' lang='lat' dir='ltr'>od</span> <span class='ocrx_word' id='word_1_273' title='bbox 390 2885 479 2942; x_wconf 89' lang='lat' dir='ltr'>lucem</span> <span class='ocrx_word' id='word_1_274' title='bbox 500 2885 598 2941; x_wconf 87' lang='lat' dir='ltr'>tenuit.</span> <span class='ocrx_word' id='word_1_275' title='bbox 637 2884 786 2960; x_wconf 86' lang='lat' dir='ltr'>Digressus</span> <span class='ocrx_word' id='word_1_276' title='bbox 803 2885 904 2944; x_wconf 89' lang='lat' dir='ltr'>deinde</span> <span class='ocrx_word' id='word_1_277' title='bbox 924 2887 982 2964; x_wconf 81' lang='lat' dir='ltr'>ipse</span> <span class='ocrx_word' id='word_1_278' title='bbox 999 2902 1050 2943; x_wconf 90' lang='lat' dir='ltr'>cum</span> 
     </span>
     <span class='ocr_line' id='line_1_35' title="bbox 129 2963 1050 3041; baseline -0.003 -19"><span class='ocrx_word' id='word_1_279' title='bbox 129 2966 225 3041; x_wconf 80' lang='lat' dir='ltr'>paucis</span> <span class='ocrx_word' id='word_1_280' title='bbox 238 2964 417 3040; x_wconf 77' lang='lat' dir='ltr'>speculatum,</span> <span class='ocrx_word' id='word_1_281' title='bbox 431 2983 516 3038; x_wconf 89' lang='lat' dir='ltr'>quum</span> <span class='ocrx_word' id='word_1_282' title='bbox 530 2965 564 3020; x_wconf 81' lang='lat' dir='ltr'>ab</span> <span class='ocrx_word' id='word_1_283' title='bbox 577 2964 676 3021; x_wconf 85' lang='lat' dir='ltr'>sauciis</span> <span class='ocrx_word' id='word_1_284' title='bbox 686 2963 809 3022; x_wconf 88' lang='lat' dir='ltr'>hostibus</span> <span class='ocrx_word' id='word_1_285' title='bbox 817 2965 980 3024; x_wconf 77' lang='lat' dir='ltr'>sciscitando</span> <span class='ocrx_word' id='word_1_286' title='bbox 989 2981 1050 3022; x_wconf 86' lang='lat' dir='ltr'>com·</span> 
     </span>
     <span class='ocr_line' id='line_1_36' title="bbox 130 3042 1092 3121; baseline -0.005 -20"><span class='ocrx_word' id='word_1_287' title='bbox 130 3045 255 3121; x_wconf 86' lang='lat' dir='ltr'>perisset,</span> <span class='ocrx_word' id='word_1_288' title='bbox 269 3056 358 3100; x_wconf 85' lang='lat' dir='ltr'>costra</span> <span class='ocrx_word' id='word_1_289' title='bbox 368 3042 530 3100; x_wconf 82' lang='lat' dir='ltr'>Volscorum</span> <span class='ocrx_word' id='word_1_290' title='bbox 540 3042 648 3100; x_wconf 81' lang='lat' dir='ltr'>deserte</span> <span class='ocrx_word' id='word_1_291' title='bbox 657 3063 726 3111; x_wconf 88' lang='lat' dir='ltr'>esse,</span> <span class='ocrx_word' id='word_1_292' title='bbox 739 3043 828 3102; x_wconf 79' lang='lat' dir='ltr'>laetus</span> <span class='ocrx_word' id='word_1_293' title='bbox 841 3047 876 3103; x_wconf 85' lang='lat' dir='ltr'>eb</span> <span class='ocrx_word' id='word_1_294' title='bbox 887 3045 991 3106; x_wconf 89' lang='lat' dir='ltr'>tumulo</span> <span class='ocrx_word' id='word_1_295' title='bbox 997 3057 1048 3099; x_wconf 88' lang='lat' dir='ltr'>suos</span> <span class='ocrx_word' id='word_1_296' title='bbox 1091 3059 1092 3070; x_wconf 51' lang='lat'>,</span> 
     </span>
     <span class='ocr_line' id='line_1_37' title="bbox 131 3120 1048 3200; baseline -0.002 -20"><span class='ocrx_word' id='word_1_297' title='bbox 131 3125 255 3190; x_wconf 84' lang='lat' dir='ltr'>devocet,</span> <span class='ocrx_word' id='word_1_298' title='bbox 269 3122 339 3180; x_wconf 86' lang='lat' dir='ltr'>etin</span> <span class='ocrx_word' id='word_1_299' title='bbox 352 3134 440 3180; x_wconf 84' lang='lat' dir='ltr'>castre</span> <span class='ocrx_word' id='word_1_300' title='bbox 454 3122 580 3182; x_wconf 84' lang='lat' dir='ltr'>Romanu</span> <span class='ocrx_word' id='word_1_301' title='bbox 592 3134 726 3198; x_wconf 82' lang='lat' dir='ltr'>penetrat.</span> <span class='ocrx_word' id='word_1_302' title='bbox 766 3123 824 3184; x_wconf 92' lang='lat' dir='ltr'>Ubi</span> <span class='ocrx_word' id='word_1_303' title='bbox 833 3144 918 3200; x_wconf 88' lang='lat' dir='ltr'>quum</span> <span class='ocrx_word' id='word_1_304' title='bbox 927 3135 1000 3182; x_wconf 84' lang='lat' dir='ltr'>vustu</span> <span class='ocrx_word' id='word_1_305' title='bbox 1010 3120 1048 3178; x_wconf 76' lang='lat' dir='ltr'>te</span> 
     </span>
     <span class='ocr_line' id='line_1_38' title="bbox 131 3200 1047 3279; baseline -0.008 -16"><span class='ocrx_word' id='word_1_306' title='bbox 131 3216 257 3279; x_wconf 76' lang='lat' dir='ltr'>certoque</span> <span class='ocrx_word' id='word_1_307' title='bbox 266 3200 365 3268; x_wconf 86' lang='lat' dir='ltr'>omnio,</span> <span class='ocrx_word' id='word_1_308' title='bbox 380 3213 461 3276; x_wconf 82' lang='lat' dir='ltr'>atque</span> <span class='ocrx_word' id='word_1_309' title='bbox 471 3201 595 3269; x_wconf 87' lang='lat' dir='ltr'>condem,</span> <span class='ocrx_word' id='word_1_310' title='bbox 608 3220 691 3277; x_wconf 82' lang='lat' dir='ltr'>quam</span> <span class='ocrx_word' id='word_1_311' title='bbox 704 3203 778 3278; x_wconf 85' lang='lat' dir='ltr'>opud</span> <span class='ocrx_word' id='word_1_312' title='bbox 790 3201 892 3270; x_wconf 82' lang='lat' dir='ltr'>hostes,</span> <span class='ocrx_word' id='word_1_313' title='bbox 905 3201 1047 3262; x_wconf 73' lang='lat' dir='ltr'>foeditatem</span> 
     </span>
     <span class='ocr_line' id='line_1_39' title="bbox 130 3275 1091 3356; baseline -0.006 -16"><span class='ocrx_word' id='word_1_314' title='bbox 130 3283 288 3348; x_wconf 83' lang='lat' dir='ltr'>invenisset,</span> <span class='ocrx_word' id='word_1_315' title='bbox 302 3277 377 3356; x_wconf 77' lang='lat' dir='ltr'>priris</span> <span class='ocrx_word' id='word_1_316' title='bbox 390 3277 472 3353; x_wconf 76' lang='lat' dir='ltr'>quium</span> <span class='ocrx_word' id='word_1_317' title='bbox 486 3278 602 3346; x_wconf 83' lang='lat' dir='ltr'>Volscus</span> <span class='ocrx_word' id='word_1_318' title='bbox 615 3280 741 3356; x_wconf 76' lang='lat' dir='ltr'>cognitum</span> <span class='ocrx_word' id='word_1_319' title='bbox 752 3300 827 3341; x_wconf 90' lang='lat' dir='ltr'>error</span> <span class='ocrx_word' id='word_1_320' title='bbox 838 3282 988 3348; x_wconf 85' lang='lat' dir='ltr'>reduceret,</span> <span class='ocrx_word' id='word_1_321' title='bbox 999 3275 1047 3354; x_wconf 89' lang='lat' dir='ltr'>qui·</span> <span class='ocrx_word' id='word_1_322' title='bbox 1090 3299 1091 3330; x_wconf 71' lang='lat' dir='ltr'>t</span> 
     </span>
    </p>
   </div>
   <div class='ocr_carea' id='block_1_4' title="bbox 132 3387 1048 3590">
    <p class='ocr_par' dir='ltr' id='par_1_9' title="bbox 132 3387 1048 3590">
     <span class='ocr_line' id='line_1_40' title="bbox 166 3387 1047 3456; baseline -0.001 -13"><span class='ocrx_word' id='word_1_323' title='bbox 166 3395 173 3423; x_wconf 89' lang='lat'>¹</span> <span class='ocrx_word' id='word_1_324' title='bbox 194 3392 331 3443; x_wconf 84' lang='lat' dir='ltr'>Gronovius</span> <span class='ocrx_word' id='word_1_325' title='bbox 341 3389 410 3437; x_wconf 81' lang='lat' dir='ltr'>reuds</span> <span class='ocrx_word' id='word_1_326' title='bbox 423 3402 543 3452; x_wconf 77' lang='lat' dir='ltr'>peremto.</span> <span class='ocrx_word' id='word_1_327' title='bbox 617 3387 628 3416; x_wconf 84' lang='lat'>⁸</span> <span class='ocrx_word' id='word_1_328' title='bbox 643 3395 681 3440; x_wconf 82' lang='lat' dir='ltr'>At</span> <span class='ocrx_word' id='word_1_329' title='bbox 691 3397 850 3456; x_wconf 77' lang='lat' dir='ltr'>imprudentia</span> <span class='ocrx_word' id='word_1_330' title='bbox 860 3403 961 3445; x_wconf 74' lang='lat' dir='ltr'>mentun.</span> <span class='ocrx_word' id='word_1_331' title='bbox 978 3389 1047 3442; x_wconf 67' lang='lat' dir='ltr'>either·</span> 
     </span>
     <span class='ocr_line' id='line_1_41' title="bbox 132 3457 1048 3526; baseline -0.003 -18"><span class='ocrx_word' id='word_1_332' title='bbox 132 3461 195 3508; x_wconf 83' lang='lat' dir='ltr'>from</span> <span class='ocrx_word' id='word_1_333' title='bbox 207 3463 247 3508; x_wconf 86' lang='lat' dir='ltr'>tire</span> <span class='ocrx_word' id='word_1_334' title='bbox 258 3457 424 3520; x_wconf 86' lang='lat' dir='ltr'>impossibility</span> <span class='ocrx_word' id='word_1_335' title='bbox 433 3459 463 3504; x_wconf 85' lang='lat' dir='ltr'>of</span> <span class='ocrx_word' id='word_1_336' title='bbox 470 3458 603 3522; x_wconf 79' lang='lat' dir='ltr'>foreseeing</span> <span class='ocrx_word' id='word_1_337' title='bbox 610 3459 651 3506; x_wconf 89' lang='lat' dir='ltr'>the</span> <span class='ocrx_word' id='word_1_338' title='bbox 661 3460 745 3521; x_wconf 83' lang='lat' dir='ltr'>result,</span> <span class='ocrx_word' id='word_1_339' title='bbox 756 3476 783 3510; x_wconf 94' lang='lat' dir='ltr'>or</span> <span class='ocrx_word' id='word_1_340' title='bbox 792 3477 857 3510; x_wconf 84' lang='lat' dir='ltr'>more</span> <span class='ocrx_word' id='word_1_341' title='bbox 868 3461 988 3526; x_wconf 73' lang='lat' dir='ltr'>probably,</span> <span class='ocrx_word' id='word_1_342' title='bbox 996 3457 1048 3505; x_wconf 80' lang='lat' dir='ltr'>lium</span> 
     </span>
     <span class='ocr_line' id='line_1_42' title="bbox 135 3524 648 3590; baseline 0.006 -18"><span class='ocrx_word' id='word_1_343' title='bbox 135 3529 264 3590; x_wconf 79' lang='lat' dir='ltr'>ignorunce</span> <span class='ocrx_word' id='word_1_344' title='bbox 275 3527 305 3576; x_wconf 86' lang='lat' dir='ltr'>of</span> <span class='ocrx_word' id='word_1_345' title='bbox 312 3526 375 3574; x_wconf 80' lang='lat' dir='ltr'>wbnt</span> <span class='ocrx_word' id='word_1_346' title='bbox 385 3524 432 3572; x_wconf 82' lang='lat' dir='ltr'>bod</span> <span class='ocrx_word' id='word_1_347' title='bbox 442 3525 503 3573; x_wconf 83' lang='lat' dir='ltr'>been</span> <span class='ocrx_word' id='word_1_348' title='bbox 514 3525 554 3573; x_wconf 86' lang='lat' dir='ltr'>the</span> <span class='ocrx_word' id='word_1_349' title='bbox 565 3525 648 3576; x_wconf 70' lang='lat' dir='ltr'>result.</span> 
     </span>
    </p>
   </div>
   <div class='ocr_carea' id='block_1_5' title="bbox 0 0 1118 3862">
    <p class='ocr_par' dir='ltr' id='par_1_10' title="bbox 0 0 1118 3862">
     <span class='ocr_line' id='line_1_43' title="bbox 0 0 1118 3862; baseline 0 0"><span class='ocrx_word' id='word_1_350' title='bbox 0 0 1118 3862; x_wconf 95' lang='lat' dir='ltr'> </span> 
     </span>
    </p>
   </div>
   <div class='ocr_carea' id='block_1_6' title="bbox 1078 3569 1090 3811">
    <p class='ocr_par' dir='ltr' id='par_1_11' title="bbox 1078 3569 1090 3811">
     <span class='ocr_line' id='line_1_44' title="bbox 1078 3569 1090 3811; baseline 0 0"><span class='ocrx_word' id='word_1_351' title='bbox 1078 3569 1090 3811; x_wconf 92' lang='lat' dir='ltr'>l</span> 
     </span>
    </p>
   </div>
  </div>
 </body>
</html>
