<?xml version="1.0" encoding="UTF-8"?>
<!DOCTYPE html PUBLIC "-//W3C//DTD XHTML 1.0 Transitional//EN"
    "http://www.w3.org/TR/xhtml1/DTD/xhtml1-transitional.dtd">
<html xmlns="http://www.w3.org/1999/xhtml" xml:lang="en" lang="en">
 <head>
  <title>
</title>
<meta http-equiv="Content-Type" content="text/html;charset=utf-8" />
  <meta name='ocr-system' content='tesseract 3.04.00' />
  <meta name='ocr-capabilities' content='ocr_page ocr_carea ocr_par ocr_line ocrx_word'/>
</head>
<body>
  <div class='ocr_page' id='page_1' title='image "./titiliviipatavi04livygoog_0141.png"; bbox 0 0 2230 3846; ppageno 0'>
   <div class='ocr_carea' id='block_1_1' title="bbox 465 177 1015 245">
    <p class='ocr_par' dir='ltr' id='par_1_1' title="bbox 465 177 1015 245">
     <span class='ocr_line' id='line_1_1' title="bbox 465 177 1015 245; baseline -0.004 -3"><span class='ocrx_word' id='word_1_1' title='bbox 465 184 590 245; x_wconf 85' lang='lat' dir='ltr'>LIBER</span> <span class='ocrx_word' id='word_1_2' title='bbox 610 182 652 244; x_wconf 92' lang='grc'>11.</span> <span class='ocrx_word' id='word_1_3' title='bbox 959 177 1015 242; x_wconf 75' lang='lat' dir='ltr'>let</span> 
     </span>
    </p>
   </div>
   <div class='ocr_carea' id='block_1_2' title="bbox 10 263 1071 2634">
    <p class='ocr_par' dir='ltr' id='par_1_2' title="bbox 10 263 1017 577">
     <span class='ocr_line' id='line_1_2' title="bbox 10 263 1017 420; baseline -0.008 -16"><span class='ocrx_word' id='word_1_4' title='bbox 10 263 12 396; x_wconf 86' lang='lat' dir='ltr'>i</span> <span class='ocrx_word' id='word_1_5' title='bbox 79 345 184 420; x_wconf 74' lang='lat' dir='ltr'>qnoque</span> <span class='ocrx_word' id='word_1_6' title='bbox 198 344 271 402; x_wconf 70' lang='lat' dir='ltr'>mele</span> <span class='ocrx_word' id='word_1_7' title='bbox 284 355 436 419; x_wconf 74' lang='lat' dir='ltr'>pugnatum</span> <span class='ocrx_word' id='word_1_8' title='bbox 451 357 502 413; x_wconf 84' lang='lat' dir='ltr'>eet,</span> <span class='ocrx_word' id='word_1_9' title='bbox 516 343 710 404; x_wconf 81' lang='lat' dir='ltr'>etJnniculnm</span> <span class='ocrx_word' id='word_1_10' title='bbox 722 343 815 400; x_wconf 84' lang='lat' dir='ltr'>hostes</span> <span class='ocrx_word' id='word_1_11' title='bbox 828 357 1017 418; x_wconf 82' lang='lat' dir='ltr'>occupaverer</span> 
     </span>
     <span class='ocr_line' id='line_1_3' title="bbox 77 422 1017 498; baseline -0.007 -16"><span class='ocrx_word' id='word_1_12' title='bbox 77 426 239 498; x_wconf 60' lang='lat' dir='ltr'>muneque</span> <span class='ocrx_word' id='word_1_13' title='bbox 251 425 316 479; x_wconf 82' lang='lat' dir='ltr'>urbs</span> <span class='ocrx_word' id='word_1_14' title='bbox 327 424 405 489; x_wconf 90' lang='lat' dir='ltr'>foret,</span> <span class='ocrx_word' id='word_1_15' title='bbox 417 444 500 498; x_wconf 86' lang='lat' dir='ltr'>super</span> <span class='ocrx_word' id='word_1_16' title='bbox 510 425 612 481; x_wconf 87' lang='lat' dir='ltr'>bellum</span> <span class='ocrx_word' id='word_1_17' title='bbox 622 424 732 480; x_wconf 72' lang='lat' dir='ltr'>annoni</span> <span class='ocrx_word' id='word_1_18' title='bbox 746 424 751 452; x_wconf 96' lang='lat'>¹</span> <span class='ocrx_word' id='word_1_19' title='bbox 767 436 917 498; x_wconf 82' lang='lat' dir='ltr'>premente,</span> <span class='ocrx_word' id='word_1_20' title='bbox 927 422 1017 496; x_wconf 84' lang='lat' dir='ltr'>(trau-</span> 
     </span>
     <span class='ocr_line' id='line_1_4' title="bbox 76 499 1016 577; baseline -0.003 -19"><span class='ocrx_word' id='word_1_21' title='bbox 76 504 173 560; x_wconf 74' lang='lat' dir='ltr'>rierurt</span> <span class='ocrx_word' id='word_1_22' title='bbox 189 503 287 560; x_wconf 77' lang='lat' dir='ltr'>enirn²</span> <span class='ocrx_word' id='word_1_23' title='bbox 310 502 422 560; x_wconf 76' lang='lat' dir='ltr'>Etrusci</span> <span class='ocrx_word' id='word_1_24' title='bbox 437 503 585 577; x_wconf 70' lang='lat' dir='ltr'>Tiberim)</span> <span class='ocrx_word' id='word_1_25' title='bbox 598 503 628 558; x_wconf 91' lang='lat' dir='ltr'>ni</span> <span class='ocrx_word' id='word_1_26' title='bbox 643 501 777 558; x_wconf 81' lang='lat' dir='ltr'>Horatius</span> <span class='ocrx_word' id='word_1_27' title='bbox 791 503 884 559; x_wconf 85' lang='lat' dir='ltr'>consul</span> <span class='ocrx_word' id='word_1_28' title='bbox 898 521 935 557; x_wconf 86' lang='lat' dir='ltr'>ex</span> <span class='ocrx_word' id='word_1_29' title='bbox 949 499 1016 556; x_wconf 87' lang='lat' dir='ltr'>Vol·</span> 
     </span>
    </p>

    <p class='ocr_par' dir='ltr' id='par_1_3' title="bbox 10 559 1071 664">
     <span class='ocr_line' id='line_1_5' title="bbox 10 559 1071 664; baseline -0.007 -24"><span class='ocrx_word' id='word_1_30' title='bbox 10 603 11 664; x_wconf 58' lang='lat'>3</span> <span class='ocrx_word' id='word_1_31' title='bbox 74 583 122 640; x_wconf 82' lang='lat' dir='ltr'>sois</span> <span class='ocrx_word' id='word_1_32' title='bbox 141 595 220 640; x_wconf 82' lang='lat' dir='ltr'>esest</span> <span class='ocrx_word' id='word_1_33' title='bbox 239 596 402 638; x_wconf 84' lang='lat' dir='ltr'>revocatus:</span> <span class='ocrx_word' id='word_1_34' title='bbox 420 583 544 657; x_wconf 74' lang='lat' dir='ltr'>adeoque</span> <span class='ocrx_word' id='word_1_35' title='bbox 558 583 587 639; x_wconf 90' lang='lat' dir='ltr'>id</span> <span class='ocrx_word' id='word_1_36' title='bbox 602 581 702 638; x_wconf 90' lang='lat' dir='ltr'>bellum</span> <span class='ocrx_word' id='word_1_37' title='bbox 718 581 784 655; x_wconf 86' lang='lat' dir='ltr'>ipsis</span> <span class='ocrx_word' id='word_1_38' title='bbox 798 559 1071 637; x_wconf 68' lang='lat' dir='ltr'>indidl⁵fifleii?‘&#39;&#39;‘</span> 
     </span>
    </p>

    <p class='ocr_par' dir='ltr' id='par_1_4' title="bbox 10 657 1016 973">
     <span class='ocr_line' id='line_1_6' title="bbox 10 657 1015 737; baseline -0.006 -18"><span class='ocrx_word' id='word_1_39' title='bbox 10 669 11 708; x_wconf 65' lang='grc' dir='ltr'><strong>ἐ</strong></span> <span class='ocrx_word' id='word_1_40' title='bbox 74 663 129 728; x_wconf 76' lang='lat' dir='ltr'>lu,</span> <span class='ocrx_word' id='word_1_41' title='bbox 150 673 184 718; x_wconf 85' lang='lat' dir='ltr'>ut</span> <span class='ocrx_word' id='word_1_42' title='bbox 205 657 297 736; x_wconf 76' lang='lat' dir='ltr'>primo</span> <span class='ocrx_word' id='word_1_43' title='bbox 317 675 469 735; x_wconf 79' lang='lat' dir='ltr'>pugnaturn</span> <span class='ocrx_word' id='word_1_44' title='bbox 483 663 517 718; x_wconf 83' lang='lat' dir='ltr'>ed</span> <span class='ocrx_word' id='word_1_45' title='bbox 532 659 620 737; x_wconf 84' lang='lat' dir='ltr'>Spei³</span> <span class='ocrx_word' id='word_1_46' title='bbox 640 661 677 717; x_wconf 85' lang='lat' dir='ltr'>sit</span> <span class='ocrx_word' id='word_1_47' title='bbox 689 679 778 734; x_wconf 87' lang='lat' dir='ltr'>nequo</span> <span class='ocrx_word' id='word_1_48' title='bbox 793 659 826 715; x_wconf 89' lang='lat' dir='ltr'><strong>M</strong></span> <span class='ocrx_word' id='word_1_49' title='bbox 858 673 894 726; x_wconf 88' lang='lat' dir='ltr'>te,</span> <span class='ocrx_word' id='word_1_50' title='bbox 916 659 1015 714; x_wconf 74' lang='lat' dir='ltr'>iterim</span> 
     </span>
     <span class='ocr_line' id='line_1_7' title="bbox 74 723 1014 815; baseline -0.004 -18"><span class='ocrx_word' id='word_1_51' title='bbox 74 741 104 797; x_wconf 82' lang='lat' dir='ltr'>ud</span> <span class='ocrx_word' id='word_1_52' title='bbox 124 752 236 815; x_wconf 75' lang='lat' dir='ltr'>portam</span> <span class='ocrx_word' id='word_1_53' title='bbox 254 739 400 796; x_wconf 87' lang='lat' dir='ltr'>Collinam.</span> <span class='ocrx_word' id='word_1_54' title='bbox 441 739 484 796; x_wconf 94' lang='lat' dir='ltr'>lbi</span> <span class='ocrx_word' id='word_1_55' title='bbox 504 759 659 815; x_wconf 86' lang='lat' dir='ltr'>quanquam</span> <span class='ocrx_word' id='word_1_56' title='bbox 680 757 764 815; x_wconf 82' lang='lat' dir='ltr'>perro</span> <span class='ocrx_word' id='word_1_57' title='bbox 778 757 824 794; x_wconf 88' lang='lat' dir='ltr'>mo</span> <span class='ocrx_word' id='word_1_58' title='bbox 853 723 1014 812; x_wconf 67' lang='lat' dir='ltr'>{eididpe-</span> 
     </span>
     <span class='ocr_line' id='line_1_8' title="bbox 73 816 1016 892; baseline -0.004 -17"><span class='ocrx_word' id='word_1_59' title='bbox 73 819 123 875; x_wconf 87' lang='lat' dir='ltr'>rior</span> <span class='ocrx_word' id='word_1_60' title='bbox 138 819 270 876; x_wconf 77' lang='lat' dir='ltr'>Romanu</span> <span class='ocrx_word' id='word_1_61' title='bbox 283 837 326 875; x_wconf 85' lang='lat' dir='ltr'>res</span> <span class='ocrx_word' id='word_1_62' title='bbox 339 819 401 884; x_wconf 88' lang='lat' dir='ltr'>fuit,</span> <span class='ocrx_word' id='word_1_63' title='bbox 416 819 555 875; x_wconf 88' lang='lat' dir='ltr'>meliorem</span> <span class='ocrx_word' id='word_1_64' title='bbox 570 833 662 876; x_wconf 83' lang='lat' dir='ltr'>tumen</span> <span class='ocrx_word' id='word_1_65' title='bbox 677 817 801 884; x_wconf 85' lang='lat' dir='ltr'>militem,</span> <span class='ocrx_word' id='word_1_66' title='bbox 821 816 1016 892; x_wconf 81' lang='lat' dir='ltr'>recepto-pris·</span> 
     </span>
     <span class='ocr_line' id='line_1_9' title="bbox 73 875 1013 973; baseline -0.006 -18"><span class='ocrx_word' id='word_1_67' title='bbox 73 898 127 955; x_wconf 82' lang='lat' dir='ltr'>tino</span> <span class='ocrx_word' id='word_1_68' title='bbox 140 897 247 961; x_wconf 87' lang='lat' dir='ltr'>unimo,</span> <span class='ocrx_word' id='word_1_69' title='bbox 260 875 394 954; x_wconf 67' lang='lat' dir='ltr'>iii&#39;l‘uturu</span> <span class='ocrx_word' id='word_1_70' title='bbox 403 898 508 973; x_wconf 82' lang='lat' dir='ltr'>proelia</span> <span class='ocrx_word' id='word_1_71' title='bbox 520 899 548 954; x_wconf 93' lang='lat' dir='ltr'>id</span> <span class='ocrx_word' id='word_1_72' title='bbox 560 911 698 954; x_wconf 87' lang='lat' dir='ltr'>certamen</span> <span class='ocrx_word' id='word_1_73' title='bbox 709 897 782 954; x_wconf 86' lang='lat' dir='ltr'>fecit.</span> <span class='ocrx_word' id='word_1_74' title='bbox 826 899 862 952; x_wconf 88' lang='lat' dir='ltr'>A.</span> <span class='ocrx_word' id='word_1_75' title='bbox 873 895 1013 970; x_wconf 73' lang='lat' dir='ltr'>Virginius</span> 
     </span>
    </p>

    <p class='ocr_par' dir='ltr' id='par_1_5' title="bbox 17 974 1066 2634">
     <span class='ocr_line' id='line_1_10' title="bbox 171 974 1013 1052; baseline -0.004 -20"><span class='ocrx_word' id='word_1_76' title='bbox 171 990 203 1032; x_wconf 86' lang='lat' dir='ltr'>et</span> <span class='ocrx_word' id='word_1_77' title='bbox 212 976 268 1050; x_wconf 79' lang='lat' dir='ltr'>¹Sp.</span> <span class='ocrx_word' id='word_1_78' title='bbox 284 976 416 1033; x_wconf 84' lang='lat' dir='ltr'>Servilius</span> <span class='ocrx_word' id='word_1_79' title='bbox 429 977 555 1034; x_wconf 86' lang='lat' dir='ltr'>consules</span> <span class='ocrx_word' id='word_1_80' title='bbox 570 978 648 1033; x_wconf 87' lang='lat' dir='ltr'>fiunt.</span> <span class='ocrx_word' id='word_1_81' title='bbox 691 977 758 1032; x_wconf 83' lang='lat' dir='ltr'>Post</span> <span class='ocrx_word' id='word_1_82' title='bbox 771 987 911 1052; x_wconf 77' lang='lat' dir='ltr'><strong>acceptam</strong></span> <span class='ocrx_word' id='word_1_83' title='bbox 921 974 1013 1050; x_wconf 84' lang='lat' dir='ltr'>proxi·</span> 
     </span>
     <span class='ocr_line' id='line_1_11' title="bbox 75 1040 1015 1142; baseline -0.005 -29"><span class='ocrx_word' id='word_1_84' title='bbox 75 1040 129 1142; x_wconf 53' lang='grc' dir='ltr'>ἓξ</span> <span class='ocrx_word' id='word_1_85' title='bbox 170 1075 248 1112; x_wconf 79' lang='lat' dir='ltr'>ruam</span> <span class='ocrx_word' id='word_1_86' title='bbox 270 1075 379 1130; x_wconf 79' lang='lat' dir='ltr'>pugneo</span> <span class='ocrx_word' id='word_1_87' title='bbox 393 1055 522 1112; x_wconf 83' lang='lat' dir='ltr'>cledem⁴</span> <span class='ocrx_word' id='word_1_88' title='bbox 538 1055 669 1131; x_wconf 88' lang='lat' dir='ltr'>Vejentes</span> <span class='ocrx_word' id='word_1_89' title='bbox 682 1056 839 1112; x_wconf 82' lang='lat' dir='ltr'>abstinuere</span> <span class='ocrx_word' id='word_1_90' title='bbox 852 1054 919 1110; x_wconf 77' lang='lat' dir='ltr'>acie.</span> <span class='ocrx_word' id='word_1_91' title='bbox 962 1053 1015 1109; x_wconf 92' lang='lat' dir='ltr'>Po·</span> 
     </span>
     <span class='ocr_line' id='line_1_12' title="bbox 168 1131 1015 1210; baseline -0.005 -20"><span class='ocrx_word' id='word_1_92' title='bbox 168 1134 328 1210; x_wconf 82' lang='lat' dir='ltr'>pulationes</span> <span class='ocrx_word' id='word_1_93' title='bbox 344 1147 432 1201; x_wconf 84' lang='lat' dir='ltr'>erant,</span> <span class='ocrx_word' id='word_1_94' title='bbox 452 1149 481 1192; x_wconf 91' lang='lat' dir='ltr'>et</span> <span class='ocrx_word' id='word_1_95' title='bbox 495 1136 571 1191; x_wconf 82' lang='lat' dir='ltr'>velut</span> <span class='ocrx_word' id='word_1_96' title='bbox 583 1136 618 1191; x_wconf 80' lang='lat' dir='ltr'>eb</span> <span class='ocrx_word' id='word_1_97' title='bbox 631 1153 693 1190; x_wconf 82' lang='lat' dir='ltr'>arne</span> <span class='ocrx_word' id='word_1_98' title='bbox 709 1131 849 1192; x_wconf 83' lang='lat' dir='ltr'>Janiculi⁵</span> <span class='ocrx_word' id='word_1_99' title='bbox 871 1131 971 1208; x_wconf 85' lang='lat' dir='ltr'>passim</span> <span class='ocrx_word' id='word_1_100' title='bbox 988 1131 1015 1186; x_wconf 93' lang='lat' dir='ltr'>in</span> 
     </span>
     <span class='ocr_line' id='line_1_13' title="bbox 74 1211 1014 1288; baseline -0.004 -18"><span class='ocrx_word' id='word_1_101' title='bbox 74 1211 232 1270; x_wconf 79' lang='lat' dir='ltr'>Romanum</span> <span class='ocrx_word' id='word_1_102' title='bbox 246 1233 343 1287; x_wconf 80' lang='lat' dir='ltr'>ugrum</span> <span class='ocrx_word' id='word_1_103' title='bbox 357 1214 476 1288; x_wconf 87' lang='lat' dir='ltr'>impetus</span> <span class='ocrx_word' id='word_1_104' title='bbox 490 1216 599 1270; x_wconf 78' lang='lat' dir='ltr'>debant.</span> <span class='ocrx_word' id='word_1_105' title='bbox 642 1213 706 1268; x_wconf 89' lang='lat' dir='ltr'>Non</span> <span class='ocrx_word' id='word_1_106' title='bbox 721 1231 835 1288; x_wconf 83' lang='lat' dir='ltr'>nsquam</span> <span class='ocrx_word' id='word_1_107' title='bbox 850 1230 951 1286; x_wconf 87' lang='lat' dir='ltr'>pecore</span> <span class='ocrx_word' id='word_1_108' title='bbox 969 1222 1014 1266; x_wconf 83' lang='lat' dir='ltr'>tu·</span> 
     </span>
     <span class='ocr_line' id='line_1_14' title="bbox 74 1287 1015 1388; baseline -0.003 -40"><span class='ocrx_word' id='word_1_109' title='bbox 74 1304 105 1358; x_wconf 84' lang='lat' dir='ltr'>ta,</span> <span class='ocrx_word' id='word_1_110' title='bbox 125 1311 183 1348; x_wconf 92' lang='lat' dir='ltr'>nou</span> <span class='ocrx_word' id='word_1_111' title='bbox 205 1307 328 1366; x_wconf 77' lang='lat' dir='ltr'>agrestes</span> <span class='ocrx_word' id='word_1_112' title='bbox 348 1305 434 1350; x_wconf 85' lang='lat' dir='ltr'>erant.</span> <span class='ocrx_word' id='word_1_113' title='bbox 475 1293 556 1368; x_wconf 79' lang='lat' dir='ltr'>Cept&#39;</span> <span class='ocrx_word' id='word_1_114' title='bbox 575 1292 638 1363; x_wconf 86' lang='lat' dir='ltr'>dein</span> <span class='ocrx_word' id='word_1_115' title='bbox 660 1291 785 1388; x_wconf 75' lang='lat' dir='ltr'>serippm</span> <span class='ocrx_word' id='word_1_116' title='bbox 800 1305 858 1347; x_wconf 83' lang='lat' dir='ltr'>erto</span> <span class='ocrx_word' id='word_1_117' title='bbox 872 1303 943 1350; x_wconf 85' lang='lat' dir='ltr'>sunt.</span> <span class='ocrx_word' id='word_1_118' title='bbox 959 1287 1015 1364; x_wconf 78' lang='lat' dir='ltr'>qui</span> 
     </span>
     <span class='ocr_line' id='line_1_15' title="bbox 73 1313 1014 1446; baseline -0.003 -18"><span class='ocrx_word' id='word_1_119' title='bbox 73 1383 200 1446; x_wconf 73' lang='lat' dir='ltr'>ceperant</span> <span class='ocrx_word' id='word_1_120' title='bbox 220 1370 330 1427; x_wconf 84' lang='lat' dir='ltr'>Fabios.</span> <span class='ocrx_word' id='word_1_121' title='bbox 371 1371 468 1429; x_wconf 89' lang='lat' dir='ltr'>Secuti</span> <span class='ocrx_word' id='word_1_122' title='bbox 487 1313 803 1446; x_wconf 66' lang='lat' dir='ltr'>dediii²⁵dtleri⁷‘piss&#39;lim</span> <span class='ocrx_word' id='word_1_123' title='bbox 825 1371 860 1426; x_wconf 83' lang='lat' dir='ltr'>sd</span> <span class='ocrx_word' id='word_1_124' title='bbox 873 1369 1014 1426; x_wconf 85' lang='lat' dir='ltr'>illecebras</span> 
     </span>
     <span class='ocr_line' id='line_1_16' title="bbox 72 1449 1013 1526; baseline -0.003 -20"><span class='ocrx_word' id='word_1_125' title='bbox 72 1450 202 1525; x_wconf 84' lang='lat' dir='ltr'>propulsa</span> <span class='ocrx_word' id='word_1_126' title='bbox 217 1469 329 1524; x_wconf 88' lang='lat' dir='ltr'>pecora,</span> <span class='ocrx_word' id='word_1_127' title='bbox 350 1451 564 1526; x_wconf 77' lang='lat' dir='ltr'>praecipitavere</span> <span class='ocrx_word' id='word_1_128' title='bbox 586 1451 614 1506; x_wconf 93' lang='lat' dir='ltr'>iu</span> <span class='ocrx_word' id='word_1_129' title='bbox 641 1449 781 1508; x_wconf 62' lang='lat' dir='ltr'>insidiosi.</span> <span class='ocrx_word' id='word_1_130' title='bbox 830 1449 895 1512; x_wconf 83' lang='lat' dir='ltr'>Quo</span> <span class='ocrx_word' id='word_1_131' title='bbox 922 1449 1013 1523; x_wconf 81' lang='lat' dir='ltr'>plures</span> 
     </span>
     <span class='ocr_line' id='line_1_17' title="bbox 72 1527 1014 1604; baseline -0.002 -20"><span class='ocrx_word' id='word_1_132' title='bbox 72 1541 153 1595; x_wconf 82' lang='lat' dir='ltr'>erant,</span> <span class='ocrx_word' id='word_1_133' title='bbox 176 1529 267 1604; x_wconf 90' lang='lat' dir='ltr'>major</span> <span class='ocrx_word' id='word_1_134' title='bbox 287 1530 386 1586; x_wconf 80' lang='lat' dir='ltr'>caedes</span> <span class='ocrx_word' id='word_1_135' title='bbox 405 1531 466 1586; x_wconf 86' lang='lat' dir='ltr'>fnit.</span> <span class='ocrx_word' id='word_1_136' title='bbox 507 1530 551 1586; x_wconf 84' lang='lat' dir='ltr'>Ex</span> <span class='ocrx_word' id='word_1_137' title='bbox 572 1529 624 1586; x_wconf 73' lang='lat' dir='ltr'>hic</span> <span class='ocrx_word' id='word_1_138' title='bbox 644 1529 721 1586; x_wconf 87' lang='lat' dir='ltr'>clade</span> <span class='ocrx_word' id='word_1_139' title='bbox 742 1542 821 1586; x_wconf 83' lang='lat' dir='ltr'>utrox</span> <span class='ocrx_word' id='word_1_140' title='bbox 840 1529 880 1584; x_wconf 81' lang='lat' dir='ltr'>ire</span> <span class='ocrx_word' id='word_1_141' title='bbox 903 1527 1014 1603; x_wconf 84' lang='lat' dir='ltr'>majoris</span> 
     </span>
     <span class='ocr_line' id='line_1_18' title="bbox 71 1607 1012 1684; baseline -0.004 -20"><span class='ocrx_word' id='word_1_142' title='bbox 71 1608 151 1665; x_wconf 85' lang='lat' dir='ltr'>cladis</span> <span class='ocrx_word' id='word_1_143' title='bbox 164 1627 252 1665; x_wconf 78' lang='lat' dir='ltr'>cause</span> <span class='ocrx_word' id='word_1_144' title='bbox 265 1621 348 1682; x_wconf 83' lang='lat' dir='ltr'>atque</span> <span class='ocrx_word' id='word_1_145' title='bbox 362 1609 470 1664; x_wconf 91' lang='lat' dir='ltr'>initium</span> <span class='ocrx_word' id='word_1_146' title='bbox 485 1609 546 1666; x_wconf 86' lang='lat' dir='ltr'>fuit.</span> <span class='ocrx_word' id='word_1_147' title='bbox 587 1607 715 1684; x_wconf 84' lang='lat' dir='ltr'>Trejecto</span> <span class='ocrx_word' id='word_1_148' title='bbox 729 1610 801 1664; x_wconf 90' lang='lat' dir='ltr'>enim</span> <span class='ocrx_word' id='word_1_149' title='bbox 816 1621 897 1666; x_wconf 88' lang='lat' dir='ltr'>nocte</span> <span class='ocrx_word' id='word_1_150' title='bbox 909 1607 1012 1672; x_wconf 86' lang='lat' dir='ltr'>Tiberi,</span> 
     </span>
     <span class='ocr_line' id='line_1_19' title="bbox 71 1685 1013 1764; baseline -0.004 -20"><span class='ocrx_word' id='word_1_151' title='bbox 71 1701 155 1744; x_wconf 73' lang='lat' dir='ltr'>cesus</span> <span class='ocrx_word' id='word_1_152' title='bbox 177 1687 290 1744; x_wconf 84' lang='lat' dir='ltr'>Servilii</span> <span class='ocrx_word' id='word_1_153' title='bbox 313 1688 433 1744; x_wconf 82' lang='lat' dir='ltr'>consulis</span> <span class='ocrx_word' id='word_1_154' title='bbox 459 1689 548 1745; x_wconf 81' lang='lat' dir='ltr'>adorti</span> <span class='ocrx_word' id='word_1_155' title='bbox 575 1701 640 1744; x_wconf 86' lang='lat' dir='ltr'>eunt</span> <span class='ocrx_word' id='word_1_156' title='bbox 666 1707 832 1764; x_wconf 82' lang='lat' dir='ltr'>oppugnare.</span> <span class='ocrx_word' id='word_1_157' title='bbox 873 1686 942 1742; x_wconf 85' lang='lat' dir='ltr'>Inde</span> <span class='ocrx_word' id='word_1_158' title='bbox 959 1685 1013 1740; x_wconf 91' lang='lat' dir='ltr'>fusi</span> 
     </span>
     <span class='ocr_line' id='line_1_20' title="bbox 71 1766 1011 1843; baseline -0.005 -19"><span class='ocrx_word' id='word_1_159' title='bbox 71 1767 166 1840; x_wconf 68' lang='lat' dir='ltr'>migne</span> <span class='ocrx_word' id='word_1_160' title='bbox 188 1768 275 1824; x_wconf 84' lang='lat' dir='ltr'>caede</span> <span class='ocrx_word' id='word_1_161' title='bbox 295 1767 323 1822; x_wconf 92' lang='lat' dir='ltr'>in</span> <span class='ocrx_word' id='word_1_162' title='bbox 344 1766 504 1824; x_wconf 87' lang='lat' dir='ltr'>Janiculurn</span> <span class='ocrx_word' id='word_1_163' title='bbox 525 1787 555 1824; x_wconf 85' lang='lat' dir='ltr'>se</span> <span class='ocrx_word' id='word_1_164' title='bbox 575 1766 657 1843; x_wconf 72' lang='lat' dir='ltr'>aegre</span> <span class='ocrx_word' id='word_1_165' title='bbox 678 1787 815 1842; x_wconf 84' lang='lat' dir='ltr'>recepere.</span> <span class='ocrx_word' id='word_1_166' title='bbox 857 1766 1011 1824; x_wconf 81' lang='lat' dir='ltr'>Confestim</span> 
     </span>
     <span class='ocr_line' id='line_1_21' title="bbox 72 1843 1011 1918; baseline -0.004 -16"><span class='ocrx_word' id='word_1_167' title='bbox 72 1847 161 1902; x_wconf 81' lang='lat' dir='ltr'>consul</span> <span class='ocrx_word' id='word_1_168' title='bbox 176 1858 206 1904; x_wconf 88' lang='lat' dir='ltr'>et</span> <span class='ocrx_word' id='word_1_169' title='bbox 219 1846 281 1918; x_wconf 89' lang='lat' dir='ltr'>ipse</span> <span class='ocrx_word' id='word_1_170' title='bbox 295 1846 392 1902; x_wconf 80' lang='lat' dir='ltr'>transit</span> <span class='ocrx_word' id='word_1_171' title='bbox 406 1847 537 1913; x_wconf 83' lang='lat' dir='ltr'>Tiberim,</span> <span class='ocrx_word' id='word_1_172' title='bbox 552 1860 641 1904; x_wconf 84' lang='lat' dir='ltr'>castru</span> <span class='ocrx_word' id='word_1_173' title='bbox 653 1849 703 1902; x_wconf 88' lang='lat' dir='ltr'>sub</span> <span class='ocrx_word' id='word_1_174' title='bbox 712 1845 840 1903; x_wconf 83' lang='lat' dir='ltr'>Juniculo</span> <span class='ocrx_word' id='word_1_175' title='bbox 849 1843 1011 1901; x_wconf 84' lang='lat' dir='ltr'>communit.</span> 
     </span>
     <span class='ocr_line' id='line_1_22' title="bbox 17 1916 1010 1998; baseline -0.005 -16"><span class='ocrx_word' id='word_1_176' title='bbox 17 1916 19 1922; x_wconf 43' lang='lat'><strong><em>¹</em></strong></span> <span class='ocrx_word' id='word_1_177' title='bbox 72 1924 184 1982; x_wconf 81' lang='lat' dir='ltr'>Postero</span> <span class='ocrx_word' id='word_1_178' title='bbox 199 1925 256 1990; x_wconf 88' lang='lat' dir='ltr'>die,</span> <span class='ocrx_word' id='word_1_179' title='bbox 271 1926 333 1981; x_wconf 88' lang='lat' dir='ltr'>luce</span> <span class='ocrx_word' id='word_1_180' title='bbox 347 1927 416 1990; x_wconf 70' lang='lat' dir='ltr'>orti,</span> <span class='ocrx_word' id='word_1_181' title='bbox 430 1925 553 1982; x_wconf 87' lang='lat' dir='ltr'>nonnihil</span> <span class='ocrx_word' id='word_1_182' title='bbox 565 1941 594 1982; x_wconf 89' lang='lat' dir='ltr'>et</span> <span class='ocrx_word' id='word_1_183' title='bbox 604 1925 869 1982; x_wconf 67' lang='lat' dir='ltr'>hesteruifelicitate</span> <span class='ocrx_word' id='word_1_184' title='bbox 880 1921 1010 1998; x_wconf 56' lang='lat' dir='ltr'>pugnus*</span> 
     </span>
     <span class='ocr_line' id='line_1_23' title="bbox 72 2003 1012 2081; baseline -0.004 -21"><span class='ocrx_word' id='word_1_185' title='bbox 72 2004 151 2070; x_wconf 82' lang='lat' dir='ltr'>ferox,</span> <span class='ocrx_word' id='word_1_186' title='bbox 174 2005 265 2078; x_wconf 81' lang='lat' dir='ltr'>magis</span> <span class='ocrx_word' id='word_1_187' title='bbox 285 2016 387 2070; x_wconf 68' lang='lat' dir='ltr'>tamem</span> <span class='ocrx_word' id='word_1_188' title='bbox 402 2006 475 2080; x_wconf 76' lang='lat' dir='ltr'>quod</span> <span class='ocrx_word' id='word_1_189' title='bbox 496 2006 588 2081; x_wconf 85' lang='lat' dir='ltr'>iuopia</span> <span class='ocrx_word' id='word_1_190' title='bbox 601 2004 739 2065; x_wconf 83' lang='lat' dir='ltr'>frumenti,</span> <span class='ocrx_word' id='word_1_191' title='bbox 754 2003 878 2078; x_wconf 80' lang='lat' dir='ltr'>quamvis</span> <span class='ocrx_word' id='word_1_192' title='bbox 892 2003 918 2057; x_wconf 92' lang='lat' dir='ltr'>in</span> <span class='ocrx_word' id='word_1_193' title='bbox 933 2019 1012 2076; x_wconf 82' lang='lat' dir='ltr'>pruo-</span> 
     </span>
     <span class='ocr_line' id='line_1_24' title="bbox 73 2081 1011 2158; baseline -0.004 -18"><span class='ocrx_word' id='word_1_194' title='bbox 73 2083 169 2158; x_wconf 81' lang='lat' dir='ltr'>cipitie&#39;,</span> <span class='ocrx_word' id='word_1_195' title='bbox 184 2084 253 2138; x_wconf 91' lang='lat' dir='ltr'>dum</span> <span class='ocrx_word' id='word_1_196' title='bbox 268 2083 400 2140; x_wconf 81' lang='lat' dir='ltr'>celeriora</span> <span class='ocrx_word' id='word_1_197' title='bbox 414 2096 513 2150; x_wconf 87' lang='lat' dir='ltr'>essent,</span> <span class='ocrx_word' id='word_1_198' title='bbox 534 2085 632 2158; x_wconf 81' lang='lat' dir='ltr'>egebat</span> <span class='ocrx_word' id='word_1_199' title='bbox 646 2083 765 2144; x_wconf 80' lang='lat' dir='ltr'>consilia.</span> <span class='ocrx_word' id='word_1_200' title='bbox 781 2083 884 2137; x_wconf 74' lang='lat' dir='ltr'>temore</span> <span class='ocrx_word' id='word_1_201' title='bbox 897 2081 1011 2136; x_wconf 83' lang='lat' dir='ltr'>adverso</span> 
     </span>
     <span class='ocr_line' id='line_1_25' title="bbox 71 2159 1010 2234; baseline -0.004 -16"><span class='ocrx_word' id='word_1_202' title='bbox 71 2161 195 2220; x_wconf 76' lang='lat' dir='ltr'>laniculo</span> <span class='ocrx_word' id='word_1_203' title='bbox 210 2162 246 2218; x_wconf 76' lang='lat' dir='ltr'>nd</span> <span class='ocrx_word' id='word_1_204' title='bbox 261 2177 350 2218; x_wconf 79' lang='lat' dir='ltr'>castra</span> <span class='ocrx_word' id='word_1_205' title='bbox 364 2161 484 2218; x_wconf 87' lang='lat' dir='ltr'>hostiurn</span> <span class='ocrx_word' id='word_1_206' title='bbox 498 2163 585 2220; x_wconf 87' lang='lat' dir='ltr'>eciem</span> <span class='ocrx_word' id='word_1_207' title='bbox 600 2164 695 2229; x_wconf 87' lang='lat' dir='ltr'>erexit,</span> <span class='ocrx_word' id='word_1_208' title='bbox 707 2161 867 2234; x_wconf 76' lang='lat' dir='ltr'>foediusque</span> <span class='ocrx_word' id='word_1_209' title='bbox 876 2159 939 2215; x_wconf 92' lang='lat' dir='ltr'>inde</span> <span class='ocrx_word' id='word_1_210' title='bbox 951 2159 1010 2234; x_wconf 91' lang='lat' dir='ltr'>pnl-</span> 
     </span>
     <span class='ocr_line' id='line_1_26' title="bbox 71 2238 1010 2318; baseline -0.003 -22"><span class='ocrx_word' id='word_1_211' title='bbox 71 2260 120 2308; x_wconf 85' lang='lat' dir='ltr'>sns,</span> <span class='ocrx_word' id='word_1_212' title='bbox 134 2240 220 2316; x_wconf 71' lang='lat' dir='ltr'>quim</span> <span class='ocrx_word' id='word_1_213' title='bbox 239 2241 327 2316; x_wconf 83' lang='lat' dir='ltr'>pridie</span> <span class='ocrx_word' id='word_1_214' title='bbox 347 2243 499 2318; x_wconf 84' lang='lat' dir='ltr'>pepulerat,</span> <span class='ocrx_word' id='word_1_215' title='bbox 520 2245 676 2298; x_wconf 87' lang='lat' dir='ltr'>interventu</span> <span class='ocrx_word' id='word_1_216' title='bbox 696 2241 816 2314; x_wconf 82' lang='lat' dir='ltr'>collegae</span> <span class='ocrx_word' id='word_1_217' title='bbox 834 2240 892 2315; x_wconf 83' lang='lat' dir='ltr'>ipse</span> <span class='ocrx_word' id='word_1_218' title='bbox 906 2238 1010 2294; x_wconf 75' lang='lat' dir='ltr'>exerui-</span> 
     </span>
     <span class='ocr_line' id='line_1_27' title="bbox 71 2317 1010 2396; baseline -0.002 -21"><span class='ocrx_word' id='word_1_219' title='bbox 71 2331 165 2396; x_wconf 87' lang='lat' dir='ltr'>tnsqne</span> <span class='ocrx_word' id='word_1_220' title='bbox 180 2320 243 2395; x_wconf 85' lang='lat' dir='ltr'>ejus</span> <span class='ocrx_word' id='word_1_221' title='bbox 257 2331 300 2376; x_wconf 85' lang='lat' dir='ltr'>est</span> <span class='ocrx_word' id='word_1_222' title='bbox 314 2335 447 2377; x_wconf 84' lang='lat' dir='ltr'>serratus.</span> <span class='ocrx_word' id='word_1_223' title='bbox 487 2321 564 2378; x_wconf 90' lang='lat' dir='ltr'>luter</span> <span class='ocrx_word' id='word_1_224' title='bbox 578 2324 645 2378; x_wconf 83' lang='lat' dir='ltr'>dues</span> <span class='ocrx_word' id='word_1_225' title='bbox 660 2323 731 2378; x_wconf 83' lang='lat' dir='ltr'>acies</span> <span class='ocrx_word' id='word_1_226' title='bbox 747 2317 867 2385; x_wconf 85' lang='lat' dir='ltr'>Etrusci,</span> <span class='ocrx_word' id='word_1_227' title='bbox 882 2337 966 2394; x_wconf 87' lang='lat' dir='ltr'>quum</span> <span class='ocrx_word' id='word_1_228' title='bbox 982 2318 1010 2374; x_wconf 91' lang='lat' dir='ltr'>in</span> 
     </span>
     <span class='ocr_line' id='line_1_28' title="bbox 70 2397 1009 2474; baseline 0 -20"><span class='ocrx_word' id='word_1_229' title='bbox 70 2399 154 2456; x_wconf 87' lang='lat' dir='ltr'>ricem</span> <span class='ocrx_word' id='word_1_230' title='bbox 169 2397 214 2455; x_wconf 85' lang='lat' dir='ltr'>hie</span> <span class='ocrx_word' id='word_1_231' title='bbox 228 2411 312 2473; x_wconf 86' lang='lat' dir='ltr'>atque</span> <span class='ocrx_word' id='word_1_232' title='bbox 327 2397 379 2456; x_wconf 89' lang='lat' dir='ltr'>illis</span> <span class='ocrx_word' id='word_1_233' title='bbox 393 2412 470 2474; x_wconf 79' lang='lat' dir='ltr'>terga</span> <span class='ocrx_word' id='word_1_234' title='bbox 483 2402 579 2458; x_wconf 88' lang='lat' dir='ltr'>darent</span> <span class='ocrx_word' id='word_1_235' title='bbox 591 2399 610 2468; x_wconf 84' lang='lat'>⁸,</span> <span class='ocrx_word' id='word_1_236' title='bbox 622 2399 867 2470; x_wconf 70' lang='lat' dir='ltr'>occirljoneuccisi.</span> <span class='ocrx_word' id='word_1_237' title='bbox 907 2397 951 2454; x_wconf 87' lang='lat' dir='ltr'>lta</span> <span class='ocrx_word' id='word_1_238' title='bbox 962 2417 1009 2473; x_wconf 90' lang='lat' dir='ltr'>op·</span> 
     </span>
     <span class='ocr_line' id='line_1_29' title="bbox 69 2465 1036 2556; baseline 0.006 -22"><span class='ocrx_word' id='word_1_239' title='bbox 69 2498 190 2554; x_wconf 83' lang='lat' dir='ltr'>pressum</span> <span class='ocrx_word' id='word_1_240' title='bbox 206 2479 365 2536; x_wconf 82' lang='lat' dir='ltr'>temeritate</span> <span class='ocrx_word' id='word_1_241' title='bbox 379 2480 450 2538; x_wconf 90' lang='lat' dir='ltr'>felici</span> <span class='ocrx_word' id='word_1_242' title='bbox 466 2479 567 2556; x_wconf 84' lang='lat' dir='ltr'>Vejens</span> <span class='ocrx_word' id='word_1_243' title='bbox 582 2482 693 2540; x_wconf 89' lang='lat' dir='ltr'>bellum.</span> <span class='ocrx_word' id='word_1_244' title='bbox 747 2469 872 2545; x_wconf 63' lang='grc'>1111111)</span> <span class='ocrx_word' id='word_1_245' title='bbox 899 2473 948 2524; x_wconf 60' lang='grc'>1111</span> <span class='ocrx_word' id='word_1_246' title='bbox 958 2465 1036 2540; x_wconf 56' lang='lat' dir='ltr'>imi*</span> 
     </span>
     <span class='ocr_line' id='line_1_30' title="bbox 104 2556 1013 2634; baseline -0.002 -20"><span class='ocrx_word' id='word_1_247' title='bbox 104 2558 170 2616; x_wconf 90' lang='lat' dir='ltr'>Lll.</span> <span class='ocrx_word' id='word_1_248' title='bbox 195 2557 267 2616; x_wconf 89' lang='lat' dir='ltr'>Urbi</span> <span class='ocrx_word' id='word_1_249' title='bbox 281 2577 344 2614; x_wconf 89' lang='lat' dir='ltr'>cum</span> <span class='ocrx_word' id='word_1_250' title='bbox 359 2579 426 2634; x_wconf 86' lang='lat' dir='ltr'>pece</span> <span class='ocrx_word' id='word_1_251' title='bbox 440 2559 527 2616; x_wconf 81' lang='lat' dir='ltr'>laxior</span> <span class='ocrx_word' id='word_1_252' title='bbox 540 2562 622 2619; x_wconf 82' lang='lat' dir='ltr'>etiarn</span> <span class='ocrx_word' id='word_1_253' title='bbox 636 2579 744 2616; x_wconf 83' lang='lat' dir='ltr'>anneus</span> <span class='ocrx_word' id='word_1_254' title='bbox 756 2557 845 2624; x_wconf 89' lang='lat' dir='ltr'>rediit,</span> <span class='ocrx_word' id='word_1_255' title='bbox 857 2568 885 2613; x_wconf 89' lang='lat' dir='ltr'>et</span> <span class='ocrx_word' id='word_1_256' title='bbox 895 2556 1013 2612; x_wconf 79' lang='lat' dir='ltr'>advecto</span> 
     </span>
    </p>
   </div>
   <div class='ocr_carea' id='block_1_3' title="bbox 66 2704 1105 3580">
    <p class='ocr_par' dir='ltr' id='par_1_6' title="bbox 66 2704 1105 3580">
     <span class='ocr_line' id='line_1_31' title="bbox 100 2704 1007 2766; baseline -0.001 -13"><span class='ocrx_word' id='word_1_257' title='bbox 100 2705 106 2734; x_wconf 81' lang='lat'><em>¹</em></span> <span class='ocrx_word' id='word_1_258' title='bbox 125 2707 171 2754; x_wconf 83' lang='lat' dir='ltr'>See</span> <span class='ocrx_word' id='word_1_259' title='bbox 182 2721 208 2766; x_wconf 89' lang='lat' dir='ltr'>p.</span> <span class='ocrx_word' id='word_1_260' title='bbox 229 2704 283 2761; x_wconf 83' lang='lat'>108,</span> <span class='ocrx_word' id='word_1_261' title='bbox 296 2713 353 2750; x_wconf 85' lang='lat' dir='ltr'>note</span> <span class='ocrx_word' id='word_1_262' title='bbox 366 2705 388 2752; x_wconf 89' lang='lat'>3.</span> <span class='ocrx_word' id='word_1_263' title='bbox 507 2705 517 2732; x_wconf 82' lang='lat'>¹¹</span> <span class='ocrx_word' id='word_1_264' title='bbox 529 2709 613 2761; x_wconf 80' lang='lat' dir='ltr'>Enim,</span> <span class='ocrx_word' id='word_1_265' title='bbox 623 2706 697 2753; x_wconf 84' lang='lat' dir='ltr'>refers</span> <span class='ocrx_word' id='word_1_266' title='bbox 706 2715 731 2752; x_wconf 95' lang='lat' dir='ltr'>to</span> <span class='ocrx_word' id='word_1_267' title='bbox 740 2706 1007 2766; x_wconf 77' lang='lat' dir='ltr'>nbresrnqreurbrforet·</span> 
     </span>
     <span class='ocr_line' id='line_1_32' title="bbox 69 2771 1012 2836; baseline -0.002 -16"><span class='ocrx_word' id='word_1_268' title='bbox 69 2772 77 2799; x_wconf 81' lang='lat'><strong>¹</strong></span> <span class='ocrx_word' id='word_1_269' title='bbox 93 2773 135 2820; x_wconf 77' lang='lat' dir='ltr'>See</span> <span class='ocrx_word' id='word_1_270' title='bbox 147 2789 171 2833; x_wconf 87' lang='lat' dir='ltr'>p.</span> <span class='ocrx_word' id='word_1_271' title='bbox 186 2771 230 2828; x_wconf 75' lang='lat'>47,</span> <span class='ocrx_word' id='word_1_272' title='bbox 245 2783 301 2819; x_wconf 86' lang='lat' dir='ltr'>note</span> <span class='ocrx_word' id='word_1_273' title='bbox 313 2773 336 2818; x_wconf 81' lang='lat'>2.</span> <span class='ocrx_word' id='word_1_274' title='bbox 474 2773 484 2802; x_wconf 88' lang='lat'><strong>⁴</strong></span> <span class='ocrx_word' id='word_1_275' title='bbox 500 2774 647 2836; x_wconf 80' lang='lat' dir='ltr'>Equirslent</span> <span class='ocrx_word' id='word_1_276' title='bbox 661 2785 686 2821; x_wconf 86' lang='lat' dir='ltr'>to</span> <span class='ocrx_word' id='word_1_277' title='bbox 700 2783 884 2836; x_wconf 63' lang='lat' dir='ltr'>periucundum</span> <span class='ocrx_word' id='word_1_278' title='bbox 894 2776 1012 2833; x_wconf 69' lang='lat' dir='ltr'>proximae</span> 
     </span>
     <span class='ocr_line' id='line_1_33' title="bbox 66 2836 1011 2902; baseline -0.004 -14"><span class='ocrx_word' id='word_1_279' title='bbox 66 2857 158 2901; x_wconf 78' lang='lat' dir='ltr'>pugnae</span> <span class='ocrx_word' id='word_1_280' title='bbox 175 2844 274 2888; x_wconf 84' lang='lat' dir='ltr'>cladem.</span> <span class='ocrx_word' id='word_1_281' title='bbox 315 2841 358 2886; x_wconf 83' lang='lat' dir='ltr'>See</span> <span class='ocrx_word' id='word_1_282' title='bbox 373 2856 396 2900; x_wconf 89' lang='lat' dir='ltr'>p.</span> <span class='ocrx_word' id='word_1_283' title='bbox 416 2840 468 2895; x_wconf 77' lang='lat'>126,</span> <span class='ocrx_word' id='word_1_284' title='bbox 487 2851 543 2888; x_wconf 87' lang='lat' dir='ltr'>note</span> <span class='ocrx_word' id='word_1_285' title='bbox 560 2841 582 2888; x_wconf 71' lang='lat' dir='ltr'>l.</span> <span class='ocrx_word' id='word_1_286' title='bbox 621 2843 692 2888; x_wconf 83' lang='lat' dir='ltr'>Some</span> <span class='ocrx_word' id='word_1_287' title='bbox 708 2839 763 2886; x_wconf 77' lang='lat' dir='ltr'>read</span> <span class='ocrx_word' id='word_1_288' title='bbox 786 2836 896 2899; x_wconf 74' lang='lat' dir='ltr'>proximi</span> <span class='ocrx_word' id='word_1_289' title='bbox 918 2839 1011 2902; x_wconf 74' lang='lat' dir='ltr'>pugni.</span> 
     </span>
     <span class='ocr_line' id='line_1_34' title="bbox 68 2907 1008 2966; baseline -0.003 -9"><span class='ocrx_word' id='word_1_290' title='bbox 68 2909 77 2935; x_wconf 80' lang='lat'><em>⁵</em></span> <span class='ocrx_word' id='word_1_291' title='bbox 97 2913 162 2957; x_wconf 76' lang='lat' dir='ltr'>Velut</span> <span class='ocrx_word' id='word_1_292' title='bbox 180 2911 211 2956; x_wconf 82' lang='lat' dir='ltr'>ab</span> <span class='ocrx_word' id='word_1_293' title='bbox 228 2925 285 2956; x_wconf 79' lang='lat' dir='ltr'>arce</span> <span class='ocrx_word' id='word_1_294' title='bbox 301 2911 416 2966; x_wconf 69' lang='lat' dir='ltr'>dorsiculi,</span> <span class='ocrx_word' id='word_1_295' title='bbox 433 2909 496 2965; x_wconf 80' lang='lat' dir='ltr'>from</span> <span class='ocrx_word' id='word_1_296' title='bbox 514 2911 553 2955; x_wconf 87' lang='lat' dir='ltr'>the</span> <span class='ocrx_word' id='word_1_297' title='bbox 570 2910 718 2964; x_wconf 82' lang='lat' dir='ltr'>aniculum,</span> <span class='ocrx_word' id='word_1_298' title='bbox 737 2923 763 2953; x_wconf 79' lang='lat' dir='ltr'>ss</span> <span class='ocrx_word' id='word_1_299' title='bbox 779 2907 801 2953; x_wconf 88' lang='lat' dir='ltr'>if</span> <span class='ocrx_word' id='word_1_300' title='bbox 814 2907 876 2952; x_wconf 84' lang='lat' dir='ltr'>from</span> <span class='ocrx_word' id='word_1_301' title='bbox 889 2921 903 2952; x_wconf 79' lang='lat' dir='ltr'>u</span> <span class='ocrx_word' id='word_1_302' title='bbox 914 2907 1008 2954; x_wconf 86' lang='lat' dir='ltr'>citedel.</span> 
     </span>
     <span class='ocr_line' id='line_1_35' title="bbox 68 2975 1011 3038; baseline 0.002 -14"><span class='ocrx_word' id='word_1_303' title='bbox 68 2975 77 3002; x_wconf 73' lang='lat'>‘</span> <span class='ocrx_word' id='word_1_304' title='bbox 91 2975 183 3024; x_wconf 70' lang='lat' dir='ltr'>Dedisti</span> <span class='ocrx_word' id='word_1_305' title='bbox 194 2975 276 3037; x_wconf 74' lang='lat' dir='ltr'>operti,</span> <span class='ocrx_word' id='word_1_306' title='bbox 293 2975 411 3038; x_wconf 78' lang='lat' dir='ltr'>referring</span> <span class='ocrx_word' id='word_1_307' title='bbox 425 2987 450 3022; x_wconf 88' lang='lat' dir='ltr'>to</span> <span class='ocrx_word' id='word_1_308' title='bbox 464 2981 574 3038; x_wconf 78' lang='lat' dir='ltr'>propulso</span> <span class='ocrx_word' id='word_1_309' title='bbox 582 3001 590 3034; x_wconf 86' lang='lat'>‚·</span> <span class='ocrx_word' id='word_1_310' title='bbox 606 2981 796 3038; x_wconf 74' lang='lat' dir='ltr'>praecipitavere.</span> <span class='ocrx_word' id='word_1_311' title='bbox 815 2975 1011 3031; x_wconf 68' lang='grc' dir='ltr'>ἱ111111111111111,ο1</span> 
     </span>
     <span class='ocr_line' id='line_1_36' title="bbox 69 3043 1011 3104; baseline -0.001 -15"><span class='ocrx_word' id='word_1_312' title='bbox 69 3043 122 3090; x_wconf 83' lang='lat' dir='ltr'>with</span> <span class='ocrx_word' id='word_1_313' title='bbox 135 3045 177 3092; x_wconf 77' lang='lat' dir='ltr'>rue</span> <span class='ocrx_word' id='word_1_314' title='bbox 190 3043 256 3090; x_wconf 86' lang='lat' dir='ltr'>force</span> <span class='ocrx_word' id='word_1_315' title='bbox 267 3043 298 3089; x_wconf 88' lang='lat' dir='ltr'>of</span> <span class='ocrx_word' id='word_1_316' title='bbox 306 3058 320 3088; x_wconf 82' lang='grc' dir='ltr'>ι</span> <span class='ocrx_word' id='word_1_317' title='bbox 332 3043 421 3090; x_wconf 85' lang='lat' dir='ltr'>middle</span> <span class='ocrx_word' id='word_1_318' title='bbox 433 3045 497 3099; x_wconf 83' lang='lat' dir='ltr'>verb,</span> <span class='ocrx_word' id='word_1_319' title='bbox 510 3061 533 3093; x_wconf 77' lang='lat' dir='ltr'>ee</span> <span class='ocrx_word' id='word_1_320' title='bbox 543 3044 696 3092; x_wconf 82' lang='lat' dir='ltr'>understood.</span> <span class='ocrx_word' id='word_1_321' title='bbox 800 3043 808 3068; x_wconf 85' lang='lat'>⁷</span> <span class='ocrx_word' id='word_1_322' title='bbox 827 3043 974 3104; x_wconf 78' lang='lat' dir='ltr'>Equivelent</span> <span class='ocrx_word' id='word_1_323' title='bbox 985 3051 1011 3088; x_wconf 91' lang='lat' dir='ltr'>to</span> 
     </span>
     <span class='ocr_line' id='line_1_37' title="bbox 67 3109 1012 3174; baseline -0.005 -15"><span class='ocrx_word' id='word_1_324' title='bbox 67 3113 310 3174; x_wconf 72' lang='lat' dir='ltr'>iestmselicitute</span> <span class='ocrx_word' id='word_1_325' title='bbox 316 3128 421 3172; x_wconf 66' lang='lat' dir='ltr'>prognae.</span> <span class='ocrx_word' id='word_1_326' title='bbox 460 3113 504 3158; x_wconf 86' lang='lat' dir='ltr'>See</span> <span class='ocrx_word' id='word_1_327' title='bbox 513 3129 536 3172; x_wconf 92' lang='lat' dir='ltr'>p.</span> <span class='ocrx_word' id='word_1_328' title='bbox 553 3113 606 3168; x_wconf 73' lang='lat'>126,</span> <span class='ocrx_word' id='word_1_329' title='bbox 619 3124 675 3158; x_wconf 88' lang='lat' dir='ltr'>note</span> <span class='ocrx_word' id='word_1_330' title='bbox 687 3111 710 3158; x_wconf 78' lang='grc'>11.</span> <span class='ocrx_word' id='word_1_331' title='bbox 809 3111 819 3138; x_wconf 83' lang='lat'>⁸</span> <span class='ocrx_word' id='word_1_332' title='bbox 837 3113 888 3157; x_wconf 85' lang='lat' dir='ltr'>The</span> <span class='ocrx_word' id='word_1_333' title='bbox 900 3109 1012 3174; x_wconf 76' lang='lat' dir='ltr'>mej0rity</span> 
     </span>
     <span class='ocr_line' id='line_1_38' title="bbox 67 3177 1012 3240; baseline -0.003 -15"><span class='ocrx_word' id='word_1_334' title='bbox 67 3179 94 3226; x_wconf 88' lang='lat' dir='ltr'>of</span> <span class='ocrx_word' id='word_1_335' title='bbox 106 3188 297 3226; x_wconf 82' lang='lat' dir='ltr'>commentatore</span> <span class='ocrx_word' id='word_1_336' title='bbox 308 3179 404 3237; x_wconf 80' lang='lat' dir='ltr'>explain</span> <span class='ocrx_word' id='word_1_337' title='bbox 417 3180 456 3225; x_wconf 83' lang='lat' dir='ltr'>the</span> <span class='ocrx_word' id='word_1_338' title='bbox 468 3180 612 3240; x_wconf 88' lang='lat' dir='ltr'>expression,</span> <span class='ocrx_word' id='word_1_339' title='bbox 626 3185 711 3228; x_wconf 82' lang='lat' dir='ltr'>darent</span> <span class='ocrx_word' id='word_1_340' title='bbox 723 3189 794 3239; x_wconf 80' lang='lat' dir='ltr'>terge,</span> <span class='ocrx_word' id='word_1_341' title='bbox 806 3177 832 3223; x_wconf 90' lang='lat' dir='ltr'>in</span> <span class='ocrx_word' id='word_1_342' title='bbox 844 3178 891 3224; x_wconf 87' lang='lat' dir='ltr'>this</span> <span class='ocrx_word' id='word_1_343' title='bbox 902 3191 1012 3238; x_wconf 71' lang='lat' dir='ltr'>passage,</span> 
     </span>
     <span class='ocr_line' id='line_1_39' title="bbox 68 3245 1105 3380; baseline -0.006 -18"><span class='ocrx_word' id='word_1_344' title='bbox 68 3251 311 3375; x_wconf 53' lang='lat' dir='ltr'>tillium:</span> <span class='ocrx_word' id='word_1_345' title='bbox 322 3245 1014 3371; x_wconf 55' lang='lat' dir='ltr'>filiiflii..tillidi“ll‘ftztttflfssl</span> <span class='ocrx_word' id='word_1_346' title='bbox 1055 3308 1057 3313; x_wconf 93' lang='lat'>·</span> <span class='ocrx_word' id='word_1_347' title='bbox 1104 3375 1105 3380; x_wconf 8' lang='grc' dir='ltr'><strong><em>Ν</em></strong></span> 
     </span>
     <span class='ocr_line' id='line_1_40' title="bbox 68 3380 1010 3440; baseline -0.008 -12"><span class='ocrx_word' id='word_1_348' title='bbox 68 3383 106 3428; x_wconf 85' lang='lat' dir='ltr'>the</span> <span class='ocrx_word' id='word_1_349' title='bbox 121 3382 240 3431; x_wconf 82' lang='lat' dir='ltr'>Romans.</span> <span class='ocrx_word' id='word_1_350' title='bbox 252 3380 300 3427; x_wconf 78' lang='lat' dir='ltr'>und</span> <span class='ocrx_word' id='word_1_351' title='bbox 313 3381 368 3426; x_wconf 85' lang='lat' dir='ltr'>thus</span> <span class='ocrx_word' id='word_1_352' title='bbox 380 3393 474 3440; x_wconf 80' lang='lat' dir='ltr'>present</span> <span class='ocrx_word' id='word_1_353' title='bbox 485 3391 534 3428; x_wconf 85' lang='lat' dir='ltr'>two</span> <span class='ocrx_word' id='word_1_354' title='bbox 544 3383 629 3435; x_wconf 77' lang='lat' dir='ltr'>fronto,</span> <span class='ocrx_word' id='word_1_355' title='bbox 642 3383 708 3427; x_wconf 86' lang='lat' dir='ltr'>there</span> <span class='ocrx_word' id='word_1_356' title='bbox 718 3395 795 3426; x_wconf 85' lang='lat' dir='ltr'>seems</span> <span class='ocrx_word' id='word_1_357' title='bbox 806 3388 831 3423; x_wconf 84' lang='lat' dir='ltr'>to</span> <span class='ocrx_word' id='word_1_358' title='bbox 842 3380 871 3422; x_wconf 88' lang='lat' dir='ltr'>be</span> <span class='ocrx_word' id='word_1_359' title='bbox 883 3393 915 3421; x_wconf 87' lang='lat' dir='ltr'>no</span> <span class='ocrx_word' id='word_1_360' title='bbox 926 3391 1010 3422; x_wconf 80' lang='lat' dir='ltr'>reason</span> 
     </span>
     <span class='ocr_line' id='line_1_41' title="bbox 70 3441 1012 3510; baseline -0.002 -16"><span class='ocrx_word' id='word_1_361' title='bbox 70 3448 106 3494; x_wconf 87' lang='lat' dir='ltr'>for</span> <span class='ocrx_word' id='word_1_362' title='bbox 116 3448 203 3510; x_wconf 78' lang='lat' dir='ltr'>giving</span> <span class='ocrx_word' id='word_1_363' title='bbox 214 3449 255 3496; x_wconf 86' lang='lat' dir='ltr'>the</span> <span class='ocrx_word' id='word_1_364' title='bbox 267 3447 346 3494; x_wconf 85' lang='lat' dir='ltr'>words</span> <span class='ocrx_word' id='word_1_365' title='bbox 356 3463 402 3510; x_wconf 84' lang='lat' dir='ltr'>any</span> <span class='ocrx_word' id='word_1_366' title='bbox 412 3449 479 3496; x_wconf 86' lang='lat' dir='ltr'>other</span> <span class='ocrx_word' id='word_1_367' title='bbox 490 3450 546 3495; x_wconf 81' lang='lat' dir='ltr'>then</span> <span class='ocrx_word' id='word_1_368' title='bbox 556 3449 617 3496; x_wconf 85' lang='lat' dir='ltr'>their</span> <span class='ocrx_word' id='word_1_369' title='bbox 623 3463 737 3496; x_wconf 82' lang='lat' dir='ltr'>common</span> <span class='ocrx_word' id='word_1_370' title='bbox 746 3441 932 3504; x_wconf 78' lang='lat' dir='ltr'>interpretation,</span> <span class='ocrx_word' id='word_1_371' title='bbox 942 3454 1012 3492; x_wconf 77' lang='lat' dir='ltr'>turn-</span> 
     </span>
     <span class='ocr_line' id='line_1_42' title="bbox 71 3503 1105 3580; baseline 0 -18"><span class='ocrx_word' id='word_1_372' title='bbox 71 3520 96 3563; x_wconf 83' lang='lat' dir='ltr'>ed</span> <span class='ocrx_word' id='word_1_373' title='bbox 108 3520 168 3565; x_wconf 79' lang='lat' dir='ltr'>rleir</span> <span class='ocrx_word' id='word_1_374' title='bbox 180 3517 248 3564; x_wconf 71' lang='lat' dir='ltr'>bacis</span> <span class='ocrx_word' id='word_1_375' title='bbox 258 3519 372 3580; x_wconf 77' lang='lat' dir='ltr'>infligit.</span> <span class='ocrx_word' id='word_1_376' title='bbox 1104 3503 1105 3516; x_wconf 40' lang='lat'>¹</span> 
     </span>
    </p>
   </div>
   <div class='ocr_carea' id='block_1_4' title="bbox 0 0 1120 3846">
    <p class='ocr_par' dir='ltr' id='par_1_7' title="bbox 0 0 1120 3846">
     <span class='ocr_line' id='line_1_43' title="bbox 0 0 1120 3846; baseline 0 1"><span class='ocrx_word' id='word_1_377' title='bbox 0 0 1120 3846; x_wconf 95' lang='lat' dir='ltr'> </span> 
     </span>
    </p>
   </div>
  </div>
 </body>
</html>
