2224 3862
407 217 531 282 uiuus
553 213 605 281 iv.
919 222 978 282 969

65 379 136 438 imam
151 375 259 443 Quietis
277 389 344 436 erat.
384 378 430 437 Eo
447 381 530 440 missa
548 381 856 460 plaustrtjumenmqne
869 381 922 440 aiio
938 383 974 440 ab

62 460 113 516 ur'oe
129 458 285 526 exereitum,
306 457 435 516 effoetum
454 461 559 536 prosiio
572 479 605 522 eo
617 462 663 519 riis
675 463 817 530 nocturni,
831 477 974 539 excepere.

60 535 137 596 tout
153 533 214 614 post
232 538 262 594 iu
281 539 382 594 urbem
397 551 439 596 est
458 539 596 616 ingressus
609 543 712 610 consul,
726 561 782 599 non
798 543 832 599 ab
842 561 872 599 se
886 541 972 617 magis

59 617 125 674 eniri·
137 633 266 674 amovens
287 616 405 692 culpem,
425 617 507 694 quim
529 619 712 696 Tempanium
726 621 831 678 meritis
845 621 973 678 laudibus

59 697 134 754 imos.
171 693 302 754 Moestus
321 696 425 753 civitati
444 697 479 755 ab
499 717 528 756 re
542 701 613 758 maie
626 700 703 776 gesti
716 713 745 758 et
757 701 841 758 iratam
855 699 972 757 ducibus

15 833 17 840 ,
59 773 89 830 Μ.
101 775 254 832 Postumius
275 791 337 832 tuus
357 773 489 851 objectus,
507 778 554 853 qui
574 780 699 836 tribunus
712 780 830 836 miiitum
843 797 893 855 pro
906 795 972 837 oon·

58 853 101 911 stis
111 855 143 911 ad
156 854 242 935 Vejoo
254 855 351 923 fuerat,
370 856 466 912 decem
481 857 602 916 millibus
613 859 683 916 aeris
696 859 784 934 psus
796 857 803 886 ¹
817 859 972 916 damnatur.

58 933 82 989 Τ.
93 931 477 1012 Quinotiumzeoltegnnsjus,
492 938 598 1011 quisset
610 938 638 994 in
652 938 760 996 Volscis
774 937 869 996 consul
882 937 972 1014 auspi·

15 1019 16 1082 ζ
57 1012 89 1068 tio
102 1013 237 1070 dictatoris
252 1013 392 1070 Postumii
402 1015 526 1084 Tuberti,
546 1029 576 1074 et
588 1017 623 1073 sd
638 1017 754 1076 Fidenas
767 1017 873 1092 legatus
887 1015 973 1073 diota·

57 1091 229 1149 totisaiterius
238 1091 328 1149 Mam.
343 1093 467 1162 Aemilii,
479 1113 523 1152 ros
537 1097 667 1172 prospere
680 1095 973 1172 gesserattottm-oui-

56 1187 102 1245 pam
115 1171 172 1248 ejus
184 1172 320 1250 temporis
331 1173 359 1228 iu
373 1174 596 1248 praedamnatum
611 1175 973 1251 cetegum-*transterremus

57 1265 132 1308 omnes
150 1251 240 1308 tribus
267 1251 449 1309 absolverunt.
490 1253 629 1312 Proiuiese
652 1255 677 1311 ei
707 1253 864 1313 Cincinnati
890 1253 980 1328 patrio

56 1330 167 1387 nemoris
187 1329 299 1396 dieitur,
313 1332 473 1389 uenerabilis
487 1333 545 1400 riri,
567 1345 595 1391 st
615 1345 727 1392 motae
736 1333 795 1412 jam
809 1333 905 1390 aetatis
920 1331 977 1390 cra

55 1407 164 1482 pitolinus
182 1410 341 1477 Quinctius,
362 1411 522 1486 suppiioiter
541 1427 629 1481 orans,
649 1431 685 1470 ne
705 1434 743 1482 se,
771 1413 851 1480 breti,
870 1410 976 1486 reique

55 1487 111 1545 vitae
127 1489 227 1565 spatio,
247 1501 304 1546 tom
324 1489 430 1547 tristem
450 1491 580 1549 nuncium
601 1494 672 1550 ferre
699 1494 735 1551 ad
756 1489 973 1552 Cinoiunttum²

55 1581 201 1641 paterentur.

84 1643 168 1704 XLII.
192 1647 278 1705 Plebs
287 1647 410 1704 tribunos
423 1648 496 1726 pleni
509 1650 643 1719 absentes,
659 1649 723 1709 Sex.
733 1647 924 1727 Tempanium,
936 1649 975 1706 A.

57 1721 160 1794 Sellium,
182 1726 250 1785 Sex.
265 1727 427 1794 Antistium,
448 1740 477 1784 et
498 1729 545 1804 Sp.
566 1727 685 1798 Initium,
698 1730 781 1797 feeit;
801 1745 870 1805 quos
883 1741 912 1786 et
925 1734 975 1804 pro

56 1804 265 1862 teumrionibus³
279 1805 330 1862 sibi
343 1808 536 1882 praeterierant,
552 1807 706 1886 Tempanio
719 1821 839 1875 auctore,
858 1808 975 1884 equites.

57 1881 163 1953 Senotus,
185 1901 274 1960 quum
294 1886 358 1942 odio
380 1885 534 1962 Sempronii
546 1889 687 1945 consulere
700 1903 800 1946 nomeu
815 1887 976 1951 offenderet,

137 1965 265 2022 tribuum
291 1965 408 2022 militum
436 1965 572 2023 consulari
604 1978 741 2042 potestate
773 1966 860 2024 creari
883 1964 975 2040 jussit.

56 2030 75 2065 Η·
86 2032 104 2068 ⁰·
139 2043 236 2102 Creati
249 2055 313 2100 sunt
326 2043 360 2100 L.
375 2044 498 2102 Manlius
512 2043 691 2120 Capitolinus,
706 2046 742 2108 Q.
757 2045 898 2102 Antonius
913 2041 980 2099 Mem

57 2086 100 2136 333
137 2124 234 2190 rende,
248 2121 282 2179 L.
298 2123 425 2198 Papirius
436 2123 606 2198 Mugillanus
617 2123 639 2180 ⁴.
680 2122 981 2200 Prinoiptosutimsue

56 2197 77 2255 ni
92 2200 123 2258 L.
136 2201 307 2260 Hortensius
327 2203 452 2260 tribunus
465 2201 553 2280 plebis
568 2203 601 2261 C.
617 2203 779 2280 Sempronio
792 2201 899 2260 cornuti
912 2200 981 2258 asni

55 2279 137 2353 prioris
157 2282 240 2339 diem
254 2281 332 2337 dixit.
373 2282 464 2344 Quem
484 2295 569 2359 quum
591 2294 708 2359 quatuor
720 2281 849 2357 coiisgee,
870 2281 977 2356 inspee-

55 2370 117 2418 tante
138 2361 244 2438 populo
266 2361 402 2428 Romano,
425 2373 541 2426 orarent,
564 2379 601 2420 ne
617 2363 810 2438 imperatorem
832 2376 913 2417 suum
935 2359 978 2416 in·

55 2439 163 2508 notium,
185 2441 289 2515 inquo
307 2438 374 2496 nihii
396 2453 504 2516 praeter
526 2442 662 2498 fortunent
689 2440 851 2519 reprehendi
873 2451 976 2516 posset,

56 2532 170 2577 vexaret:
192 2537 273 2594 aegre
288 2519 454 2576 Hortensius
467 2520 534 2597 peti,
552 2521 753 2578 ‘tentationem
773 2518 841 2576 eem’
863 2519 980 2576 eredens

56 2601 125 2656 ‘erse
135 2598 353 2674 perseverantise
367 2612 448 2666 suae;
468 2617 520 2656 neo
533 2601 658 2676 praeibas
672 2601 851 2666 tribunorum,
866 2615 937 2672 quse
949 2596 979 2653 in

56 2681 62 2708 ‘
73 2679 185 2752 speeiem
201 2673 283 2734 nudo
292 2676 440 2752 jactentur,
451 2679 499 2735 sed
510 2679 610 2736 auxilio
618 2679 755 2736 confidere
766 2676 860 2734 reum!
880 2677 981 2752 ltaque

55 2752 126 2813 modis
142 2757 178 2814 ad
199 2774 263 2812 eum
277 2772 432 2823 maveteus,
454 2764 461 2792 ‘
477 2757 534 2816 Ubi
546 2759 586 2814 iili
600 2759 710 2834 patricii·
720 2757 840 2834 spiritus,
854 2756 901 2812 ubi
915 2756 979 2812 sub·

56 2836 142 2894 ‘nisus
154 2847 184 2896 et
195 2835 284 2893 fideus
294 2835 465 2894 innocentiae
472 2837 582 2895 enimus
590 2849 662 2896 esset
670 2837 693 2894 i’
707 2837 862 2913 quaerebat.
902 2834 982 2893 ‘Sub

83 2982 88 3010 ¹
104 2986 150 3033 Aes
159 3000 239 3048 graue,
252 2982 319 3030 coins
328 2983 358 3030 of
366 2984 406 3032 the
413 2983 502 3048 weight
512 2983 618 3048 eotusiiy
629 2981 731 3032 denoted
740 2985 772 3044 by
781 2982 842 3032 their
850 2997 930 3042 name,
937 2990 982 3029 not

56 3050 89 3098 the
99 3050 247 3112 depreciated
259 3051 349 3114 weight
359 3052 388 3098 of
398 3051 458 3099 aiier
470 3051 546 3100 times.
621 3048 631 3076 ⁹
650 3053 680 3100 In
697 3053 737 3098 the
749 3067 814 3100 same
826 3067 878 3112 wey
892 3050 980 3114 Virgii,

57 3121 112 3166 riou.
126 3119 162 3167 11.
178 3118 236 3178 548,
248 3118 330 3165 meires
349 3119 455 3184 Pyrrhus
472 3119 526 3182 give
543 3117 680 3182 tauntingly
697 3135 711 3165 u
727 3134 834 3182 messuge
851 3128 876 3166 to
900 3117 981 3165 Priora

55 3185 87 3232 ior
95 3187 129 3234 his
144 3187 223 3234 iether
241 3186 355 3234 Achilles.
425 3187 435 3214 ¹
453 3189 488 3234 As
501 3191 676 3239 centurionibus
698 3186 718 3232 is
733 3196 776 3234 not
793 3203 823 3234 an
846 3185 981 3248 equestrian

56 3261 116 3312 mun,
128 3255 175 3302 this
186 3263 251 3301 must
262 3254 333 3316 apply
342 3255 415 3302 tothe
423 3254 490 3302 affair
500 3255 646 3312 mentioned,
662 3255 690 3303 C.
704 3255 745 3312 38,
757 3257 836 3302 where
847 3254 982 3301 thehorse-

56 3335 112 3379 men,
124 3337 156 3370 ou
167 3323 207 3370 the
218 3322 357 3384 suggestion
369 3323 398 3370 of
406 3322 563 3384 Tempanius,
577 3324 663 3385 fought
675 3337 706 3369 on
718 3323 776 3371 foot.
846 3322 855 3350 ⁴
875 3323 910 3368 As
926 3319 983 3366 sour

56 3389 153 3452 suiuus
169 3391 275 3438 tribunes
290 3405 352 3436 were
365 3389 457 3438 elected
473 3391 512 3438 for
527 3405 593 3436 some
610 3405 677 3451 ysare
693 3388 836 3450 previously.
852 3386 901 3434 aud
920 3385 985 3444 Livy

58 3457 128 3505 writes
144 3459 169 3506 in
187 3458 227 3504 the
243 3457 302 3506 ttth
321 3459 425 3519 Chapter
443 3457 472 3503 of
491 3457 520 3504 L.
541 3457 654 3505 Servilius
673 3458 782 3504 structus
798 3453 871 3514 being
888 3452 983 3498 tribune

57 3527 143 3586 iterum,
157 3525 271 3590 Sigonius
282 3526 431 3590 conjectures
442 3525 493 3574 that
503 3523 540 3572 his
551 3539 622 3586 neme
632 3522 719 3572 shouid
730 3526 760 3575 bs
771 3517 875 3570 inserted
886 3519 948 3565 here.
