2224 3862
7 262 11 274 Ι

448 198 572 260 LIBER
595 201 628 260 V.
945 207 1009 264 1293

101 355 139 414 ll.
159 357 257 421 Quum
271 375 335 432 apee
346 356 434 434 major
446 359 655 435 imperatoribus
665 359 799 420 Romanis
812 360 841 418 in
852 361 1004 430 obsidione,

70 436 145 513 quim
164 438 193 492 in
214 436 432 512 oppugnatione,
454 452 544 506 essem
564 437 739 498 hibernacula
757 440 850 508 etiam,
870 461 915 500 res
934 461 1006 500 nova

70 517 141 574 militi
154 515 294 580 Romano,
309 516 447 574 aedificari
460 530 573 595 coeptn;
583 515 787 596 'consiliumque
800 532 867 586 erat,
882 519 1004 580 hieman-

6 619 7 629 ι
69 597 101 652 do
113 596 276 652 continuare
290 594 392 652 bellum
403 607 418 652 ¹.
452 597 535 660 Quod
544 611 689 674 postquam
701 598 816 656 tribunis
830 599 925 676 plebis,
932 601 1004 678 jam·

5 711 6 770 l
69 675 111 731 diu
123 675 229 732 nullam
244 675 365 730 novandi
377 695 421 732 res
434 695 544 733 oausam
558 675 770 746 invenientibus,
782 677 900 736 Romam
912 693 955 738 est
964 681 1004 738 al·

4 905 7 1104 l
66 918 74 1103 3

68 754 158 822 latum,
188 754 218 810 in
243 753 402 811 concionem
425 756 578 830 prosiliunt,
605 756 753 816 sollicitant
775 756 864 832 plebis
889 759 1003 827 animos,

68 833 153 890 ‘Hoc
167 833 239 890 illud
252 831 321 902 ease'
336 833 502 899 dictitantes,
517 843 525 869 ⁴
539 835 614 910 qubd
628 855 691 894 aera
710 836 843 894 militibus
863 836 918 894 sint
938 857 1005 896 oon·

85 914 200 970 stituta:
222 931 275 969 nec
292 933 321 970 se
333 912 470 980 fefellisse,
484 913 513 971 id
526 915 630 972 donum
644 915 816 972 inimicorum
831 933 937 973 veneno
951 917 1004 974 illi·
1051 927 1054 938 '

85 1005 142 1049 turn
157 993 229 1049 lore.
270 991 405 1048 Veniase²
426 992 579 1050 libertatem
593 993 696 1069 plebia:
717 1007 850 1052 remotam
864 993 892 1050 iu
907 1014 1004 1071 perpe·

85 1085 164 1128 tuum
179 1085 209 1128 et
222 1069 374 1145 ablegatam
386 1072 420 1128 ab
431 1073 498 1128 urbe
512 1084 541 1128 et
550 1074 585 1128 ab
598 1072 738 1148 republicis
745 1073 932 1149 juventutem,
942 1073 1002 1150 jam

66 1157 116 1208 ‘ne
130 1151 221 1208 hiemi
234 1151 346 1225 quidem
360 1165 408 1208 aut
421 1152 538 1227 tempori
552 1151 616 1208 anui
632 1153 739 1220 cedere,
759 1172 792 1212 ac
806 1153 903 1210 domos
917 1166 945 1210 et
959 1173 1002 1212 ree
1040 1154 1044 1164 “

3 1243 4 1302 l
65 1237 71 1262 ⁴
84 1231 203 1288 invisere
218 1249 291 1286 suas.
331 1229 421 1294 Quam
433 1242 561 1306 putarent
575 1231 749 1290 continuatae
764 1231 877 1290 militiae
891 1249 1002 1290 causam

3 1313 5 1320 ‘
65 1310 168 1368 ‘esaei
190 1310 294 1366 nullam
308 1305 431 1384 profecti>
444 1309 525 1368 eliam
539 1310 707 1377 inventuros,
728 1309 810 1385 quim
825 1329 860 1368 ne
873 1311 940 1386 quid
953 1331 1004 1387 per

64 1389 267 1464 ‘frequentiam
275 1387 409 1464 juvenum
428 1408 532 1456 eorum,
553 1389 581 1444 in
595 1389 694 1463 quibus
708 1390 779 1446 virsa
799 1409 895 1448 ornnes
915 1391 1002 1467 plebis

64 1473 185 1534 ‘essent
207 1467 253 1543 agi
272 1469 308 1524 de
327 1468 479 1525 commodis
493 1487 589 1524 eorum
603 1480 705 1544 posset.
745 1468 848 1526 Vexari
861 1481 1003 1546 praeterea

63 1553 109 1604 ‘et
122 1547 218 1622 subigi
231 1547 319 1604 multo
331 1546 519 1622 nonunquam
530 1547 669 1623 Vejentea.
690 1547 802 1625 Quippe
812 1549 872 1606 illos
882 1547 1001 1608 biemem

63 1629 132 1684 ‘aab
147 1626 232 1686 tectis
246 1627 303 1682 saie
316 1645 405 1701 agore,
420 1627 537 1701 egregiis
551 1627 636 1684 muris
650 1627 761 1703 situque
775 1628 891 1686 naturali
904 1629 1000 1686 urbem

63 1711 226 1764 ‘tutantesz
247 1705 362 1762 militem
389 1705 545 1762 Romanum
567 1706 595 1762 in
616 1725 699 1782 opere
718 1725 750 1766 ac
765 1707 868 1773 labore,
891 1707 1001 1766 nivibus

62 1791 69 1818 ⁶
83 1785 245 1861 pruinisque
260 1786 396 1850 obrutum,
407 1786 457 1840 sub
468 1785 585 1860 pellibus
595 1785 693 1844 durare
702 1784 722 1853 ³,
737 1806 772 1844 ne
781 1784 879 1844 biernis
887 1788 1000 1861 quidem

62 1864 182 1940 ‘spatio
197 1883 269 1940 qnae
282 1863 405 1920 omnium
419 1863 552 1921 bellorum
567 1865 640 1922 terri
649 1864 816 1939 mariquesit
828 1865 1001 1939 (polenorum

62 1945 280 2021 ‘deponentem
320 1942 386 2000 Hoc
407 1962 497 2018 neque
518 1963 605 2016 reges,
628 1962 717 2017 neque
740 1957 804 2001 ante
826 1944 1000 2000 tribuniciam

61 2031 249 2100 ‘potestatem
264 2035 382 2080 creatam
393 2022 524 2097 superbos
535 2022 595 2078 illos
607 2022 745 2088 consules,
757 2041 847 2096 neque
855 2022 933 2079 triste
942 2023 999 2080 dic·

59 2109 66 2136 ⁴
81 2104 177 2161 tatoris
191 2102 357 2178 imperium,¹
368 2121 458 2177 neque
475 2101 647 2176 importunos
663 2101 833 2158 decemviros
847 2099 1000 2176 injunxisse

60 2189 66 2214 ⁸
80 2182 233 2248 servitutis,
248 2194 279 2238 ut
291 2200 439 2257 perennem
454 2179 579 2237 militiam
593 2181 722 2245 facerent,
743 2180 819 2255 quod
832 2180 934 2237 tribuni
948 2181 1000 2238 mi·

60 2261 159 2319 ‘litum
174 2261 204 2318 in
218 2261 297 2336 plebe
311 2260 436 2317 Romania
455 2279 570 2334 regnum
591 2271 758 2317 exercerent.
799 2259 938 2322 Quidnam
959 2259 1000 2316 illi

59 2347 66 2374 ‘
80 2341 209 2398 consules
223 2340 404 2398 dictatoresve
415 2339 513 2396 lecturi
523 2352 623 2406 essent,
633 2337 682 2414 qui
696 2339 917 2414 proconsularem
931 2339 999 2396 ima·

59 2418 198 2496 *giren*
218 2431 274 2476 tarn
293 2438 400 2476 saevam
421 2437 453 2475 ac
474 2431 580 2476 trucem
600 2413 739 2476 iecerint?
762 2417 818 2476 Sed
832 2419 861 2476 id
874 2419 998 2476 accidere

58 2507 66 2532 ‘
80 2497 152 2556 baud
168 2497 316 2556 immerito.
358 2497 421 2555 Non
435 2497 528 2564 finisse,
543 2517 577 2554 ne
591 2497 619 2554 in
628 2511 691 2556 octo
700 2497 810 2573 quidem
820 2498 936 2554 tribunis
947 2498 999 2554 mi·

58 2589 65 2612 ⁶
79 2579 169 2646 litum,
185 2578 276 2634 locum
291 2577 340 2634 ulli
350 2577 467 2652 plebeio.
495 2578 588 2634 Antea
598 2577 669 2635 trina
679 2577 738 2635 loca
748 2596 811 2634 curu
821 2577 998 2635 contentione

58 2667 65 2691 ⁴
79 2659 191 2715 summi
204 2657 332 2730 patricios
345 2657 456 2732 explere
466 2656 577 2714 solitoet
597 2675 671 2714 nunc
679 2656 736 2731 jam
749 2654 890 2732 octojuges
900 2657 935 2713 ad
946 2657 998 2714 im·

59 2738 155 2809 ‘peria
180 2737 329 2794 obtinenda
349 2736 405 2802 ire3
425 2749 508 2793 etue
531 2735 559 2790 in
580 2735 662 2792 tnrbi
674 2735 785 2809 quidem
807 2733 919 2792 haerere
938 2735 998 2812 ple·

58 2825 66 2850 ‘
81 2817 174 2874 beium
190 2833 364 2890 quemquam,
376 2815 432 2890 qui,
446 2812 545 2871 sinibil
559 2814 642 2881 aliud,
656 2815 803 2870 admoneat
815 2813 951 2890 collegas3
966 2816 997 2871 li·

58 2903 65 2929 ‘
80 2897 170 2961 beros,
184 2907 214 2951 et
227 2894 301 2951 cives
314 2914 418 2961 eorum,
433 2913 488 2950 non
502 2912 603 2960 servos,
618 2892 743 2960 militare,
758 2911 827 2967 quoe
841 2892 932 2952 hieme
945 2895 998 2952 sal-

57 2983 134 3034 ‘tour
149 2974 291 3030 indemne
305 2971 533 3032 ecteetareduci
549 2983 692 3048 oportentt
712 2983 742 3030 et
760 2971 853 3047 aliquo
873 2986 998 3048 tempore

57 3053 141 3112 ‘anni
162 3066 292 3130 parentes
311 3052 467 3128 liberosque
483 3071 516 3108 ac
534 3051 666 3128 conjuges
679 3050 803 3118 invisere,
825 3064 853 3110 et
867 3072 998 3128 usurpare

57 3134 242 3200 ‘libertatem
264 3144 294 3188 et
313 3151 405 3190 creare
426 3129 618 3206 magistratus!
659 3127 740 3188 Haec
760 3129 879 3206 taliaque
896 3132 998 3196 vocife-

87 3282 93 3312 ¹
113 3283 262 3332 Conticuere
278 3282 371 3335 bollum,
392 3286 418 3326 to
435 3293 503 3340 carry
521 3292 552 3324 on
573 3279 612 3326 the
631 3292 680 3324 wer
698 3275 915 3338 uninterruptedly.
954 3281 998 3327 See

54 3363 76 3411 p.
99 3347 157 3404 132,
177 3357 234 3394 note
255 3346 273 3394 l.
349 3342 366 3370 ''
378 3346 449 3394 From
467 3363 543 3395 veneo.
607 3345 624 3380 Δ·
641 3349 687 3394 Sub
701 3347 801 3407 pellibus
816 3349 911 3402 durare,
927 3356 997 3405 spent

53 3421 91 3466 the
100 3416 190 3464 winter
196 3413 302 3474 exposed
313 3424 339 3462 to
347 3412 479 3474 bardslrips,
493 3413 518 3459 in
528 3412 696 3460 tentacovered
707 3412 763 3459 with
772 3410 848 3458 bidea.
915 3411 924 3439 ⁴
936 3416 997 3460 Pro·

50 3487 201 3536 oonmlureut
218 3487 354 3545 inrnginem,
379 3481 419 3526 the
441 3479 587 3528 constituted
603 3480 764 3528 resemblance
781 3476 810 3524 of
828 3476 869 3524 the
884 3477 996 3528 consular

50 3567 140 3615 power,
153 3549 202 3598 aia.
215 3551 256 3598 the
266 3549 371 3612 military
383 3547 540 3616 tribuneelrip.
616 3613 618 3618 ,
