2230 3846
123 199 178 256 136
508 197 542 254 Τ.
562 195 678 254 LlVlI1

121 375 174 430 que
187 354 268 431 plebi,
283 355 422 414 consulem
434 354 546 414 faciant.
586 355 734 431 Collega
710 375 736 413 οι
754 355 788 413 Τ.
803 353 950 419 Quinctius
962 353 1062 412 datur

122 433 262 511 Principio
284 434 375 492 statim
394 433 457 491 anni
476 431 542 491 nihil
562 435 644 526 prius,
668 434 801 510 quamde
820 434 889 509 lege,
912 432 1062 524 agebatur

123 511 178 570 Sed
192 529 224 570 ut
237 513 361 571 inventor
373 513 443 588 legis
454 510 600 579 Volero,
578 533 618 571 sic
628 513 780 579 Laetorius,
795 511 932 586 collega
908 531 976 588 eJus,
990 530 1062 568 auc-

123 590 183 647 tor¹
198 611 282 666 quum
296 593 438 659 recentior,
452 605 511 650 tum
525 593 611 648 aanor
623 604 690 650 erat
719 591 849 650 Ferocem
862 591 981 647 faciebat
990 589 1062 646 belli

122 669 228 760 gloria
220 689 330 745 angens;
348 667 422 746 qubd
435 671 530 728 acatis
544 670 602 762 ejus
616 669 688 762 haud
697 671 839 746 quisquam
850 689 933 726 manu
943 687 1060 745 promp-

123 761 260 901 tttttl
274 747 1060 904 1ltttttltlltlltlttt‘tltlbittit:

122 925 185 962 nem
199 906 292 982 Appii,
306 907 478 980 familiaeque
488 906 695 982 superbissimae
704 927 736 964 ac
746 905 948 964 crudelissimae
958 905 986 960 in
998 905 1059 979 ple·

122 985 183 1040 bem
201 985 360 1053 Romanam,
381 1005 503 1052 exorsus,
523 1004 607 1058 qaum
629 991 666 1041 ‘a
685 985 811 1042 Patribus
830 1003 885 1040 non
904 983 1059 1047 consulem,

122 1070 130 1098 ⁴
144 1065 193 1120 sed
207 1064 358 1120 carnificem
370 1065 405 1120 ad
415 1063 565 1122 vexandam
578 1075 606 1120 et
619 1064 786 1121 lacerandam
800 1063 917 1139 plebem,
931 1074 1058 1118 creatum

124 1149 132 1175 ‘
146 1141 213 1199 esse'
223 1143 415 1208 contenderet;
431 1143 506 1198 rudis
516 1143 544 1198 in
554 1141 662 1200 militari
670 1141 779 1199 bomine
788 1143 880 1216 lingna
890 1160 944 1196 non
955 1159 1059 1215 suppe-

123 1221 197 1278 tebat
211 1221 327 1280 libertati
340 1221 493 1296 animoque.
527 1221 632 1295 ltaque,
643 1221 785 1278 deficiente
795 1221 925 1286 oratione,
941 1218 1058 1282 ‘Quan-

77 1309 78 1312 ’
124 1307 131 1332 ‘
146 1299 292 1373 doquidem
304 1299 377 1356 non²
391 1299 470 1357 facile
479 1299 593 1374 loquor,'
604 1299 700 1374 inquit,
716 1308 723 1334 ‘
736 1299 866 1365 Quirites,
876 1297 969 1374 quim,
981 1297 1058 1372 qaod

125 1377 254 1434 ‘locutus
267 1398 338 1446 sum,
358 1391 475 1453 praesto,
490 1379 606 1436 crastino
619 1379 664 1434 die
676 1380 779 1436 adeste.
819 1378 881 1452 Ego
900 1375 946 1433 bic
958 1391 1008 1434 aut
1026 1375 1058 1432 in

124 1462 295 1531 ‘conspectu
309 1470 399 1514 vestro
418 1457 525 1525 moriar,
545 1469 594 1514 aut
612 1458 743 1531 perierem
763 1455 869 1530 legem!
909 1457 1059 1532 Occupant

123 1535 226 1590 tribuni
239 1535 370 1610 templum
377 1547 494 1611 postero
507 1535 561 1593 die.
601 1537 735 1594 Consules
751 1535 931 1610 nobilitasque
949 1535 985 1590 ad
1005 1534 1058 1589 im-

124 1613 286 1703 pediendam
301 1614 410 1688 legem
402 1633 431 1669 ιιι
444 1615 575 1671 concione
588 1615 748 1672 consistunt.
776 1623 784 1649 ⁸
799 1611 968 1712 Submpveri’
983 1611 1057 1670 Lae·

125 1692 211 1748 torius
217 1692 335 1768 jubet,‘
349 1705 536 1768 praeterquam
550 1693 598 1767 qui
614 1692 793 1769 suffragium
785 1691 893 1749 ineant!
933 1691 1056 1749 Adoles-

124 1781 217 1828 centes
236 1771 341 1828 nobiles
360 1772 475 1837 stabant,
495 1770 561 1828 nihil
581 1771 709 1829 cedentes
723 1771 827 1828 viatori.
867 1771 940 1827 Tum
960 1790 997 1828 cx
1013 1768 1056 1826 his

123 1847 257 1961 prehendi
268 1849 400 1924 quosdam
414 1848 558 1908 laetorius
574 1848 666 1941 jubet.¹
704 1849 808 1907 Consul
822 1849 932 1924 Appius
945 1867 1055 1924 negare,

125 1925 190 2003 ‘jus
204 1947 264 1984 esse
277 1928 406 1985 t1·ibuno'
399 1947 427 1984 m
440 1947 603 2002 quenquam,
617 1927 669 1984 nisi
682 1928 709 1984 in
723 1927 869 2004 plebeium.
903 1927 967 1984 Non
982 1927 1056 1984 enim

126 2007 250 2082 ‘populi
265 2008 313 2064 scd
327 2005 440 2083 plebis³‚
459 2025 522 2064 eum
538 2005 724 2082 magistratum
738 2025 805 2063 esse.
846 2005 906 2062 Nec
921 2005 1023 2062 illum'
1016 2024 1055 2081 ιρ-

125 2092 133 2119 ‘
146 2105 207 2142 sum
217 2084 403 2143 “submovere
417 2105 466 2160 pro
479 2085 593 2160 imperio
603 2104 683 2160 posse
694 2103 768 2141 more
779 2083 926 2160 majorum
943 2084 1009 2158 quia
1018 2085 1057 2140 ita

125 2171 133 2197 ‘
147 2165 268 2222 dicatur:
290 2171 306 2199 “
322 2165 352 2222 si
366 2164 442 2222 vohis
456 2164 572 2230 videtur,
586 2164 726 2231 discedite,
741 2161 887 2228 Quirites.”
922 2162 1015 2220 Facile
1028 2175 1056 2219 et

124 2243 301 2318 contemptim
316 2244 350 2300 de
359 2241 421 2318 jura
435 2243 592 2300 disserendo
602 2243 758 2318 perturbare
769 2240 927 2300 Laetorium
938 2253 1055 2317 poterat.

125 2322 236 2378 Ardens
249 2322 332 2396 igitur
344 2321 384 2376 irai
397 2322 521 2378 tribunus
534 2321 664 2378 viatorem
675 2321 760 2377 mittit
769 2321 803 2377 ad
813 2319 972 2377 conulem:
990 2339 1054 2378 con·

123 2399 167 2455 sul
184 2400 307 2456 lictorem
326 2400 361 2456 ad
381 2399 519 2456 tribunum
541 2401 696 2476 ‘privatum
717 2398 784 2456 esse’
803 2399 953 2464 clamitans,
975 2399 1055 2455 ‘sine

125 2477 261 2554 ‘imperio
274 2479 332 2534 sine
345 2478 504 2553 magistratu
513 2478 550 2546 ⁵';
566 2479 736 2554 violatusque
750 2489 822 2535 esset
834 2477 969 2544 tribunus,
984 2477 1013 2532 ni
1027 2488 1054 2534 et

125 2557 220 2614 concio
234 2557 322 2614 omnis
336 2569 414 2614 atrox
427 2563 520 2615 codrta
533 2577 582 2634 pro
595 2559 704 2614 tribuno
724 2558 752 2613 in
765 2557 903 2614 consulem
918 2567 1008 2622 esset;
1027 2567 1054 2612 et

125 2654 272 2692 concursus
286 2634 447 2694 bominum
440 2656 469 2692 ιιι
481 2637 569 2693 forum
585 2655 620 2693 ex
640 2637 699 2696 toti
716 2635 783 2692 urbe
796 2635 948 2692 concitatae
963 2634 1052 2690 multi·

124 2713 227 2772 tudinis
246 2714 331 2772 ficret
373 2715 529 2774 Sustinebat
548 2727 639 2772 mmeu
654 2715 763 2792 Appius
783 2713 931 2790 pertinacia
951 2725 1053 2770 tantam

124 2803 331 2869 tempestatem:
351 2805 539 2868 certatumque
552 2792 653 2850 haud'
646 2805 788 2852 incruento
804 2792 907 2868 proelio
926 2793 1007 2858 foret,
1025 2791 1051 2846 ni

124 2871 280 2940 Quinctius,
291 2872 384 2930 onsul
395 2873 470 2940 alter,
481 2872 666 2930 onsulanbus
676 2873 787 2947 negotio
796 2872 869 2936 dato
880 2883 913 2928 ut
922 2871 1050 2945 collegam

123 2951 160 3016 vi,
178 2952 201 3006 si
221 2951 300 3007 ali-ter
312 2971 367 3008 non
380 2964 499 3029 possent,
520 2952 554 3008 de
573 2951 633 3007 foro
645 2949 846 3016 abducerent,
840 2969 897 3026 ipse
911 2969 986 3006 nunc
999 2949 1050 3024 ple·

124 3029 186 3086 bem
201 3030 365 3087 saevientem
378 3032 502 3107 precibus
515 3030 634 3096 lenisset,
647 3049 720 3087 nunc
733 3030 835 3086 orasset
848 3027 1011 3097 tribunos,‘
1024 3037 1052 3082 ut

159 3173 166 3201 ¹
184 3177 294 3224 Inventor
304 3179 368 3237 legit,
380 3176 420 3222 tha
432 3174 533 3238 original
542 3190 654 3235 proposcr
663 3175 691 3222 ol'
699 3191 713 3222 a
724 3173 785 3221 law·
777 3211 785 3234 ,
778 3183 886 3230 ·ooctor,
896 3189 911 3220 a
919 3181 1049 3234 supportet,

125 3241 229 3288 whether
240 3243 281 3289 the
292 3242 392 3304 original
405 3257 516 3302 proposer
527 3256 553 3287 or
565 3251 615 3288 not.
705 3239 715 3265 ¹
733 3241 824 3304 Supply
836 3251 890 3290 tam.
983 3240 993 3268 ⁸
1010 3243 1050 3288 Po·

121 3311 203 3368 palas,
226 3307 346 3370 generally
367 3309 407 3355 the
426 3308 502 3355 whole
527 3309 620 3355 Roman
644 3307 745 3369 people;
764 3311 837 3372 plebs,
860 3308 899 3354 the
922 3306 1047 3368 plebeiam.

123 3374 133 3400 ⁴
151 3379 203 3424 Nec
214 3379 283 3424 illam
292 3378 378 3436 ipsum,
390 3374 476 3437 supply
488 3379 651 3436 mgistratum
657 3380 748 3436 populi.
882 3374 891 3402 ⁶
910 3373 1007 3433 Appius
1017 3387 1049 3418 aa·

123 3449 190 3498 serts,
202 3443 252 3488 that
263 3441 336 3504 being
347 3456 361 3488 a
370 3440 505 3503 magistrate
515 3441 543 3487 os
550 3443 590 3487 the
600 3439 720 3501 plebeiuns
730 3441 795 3504 only,
809 3439 934 3490 Laetorius
945 3444 1050 3490 wastina

124 3512 270 3568 magistratu,
281 3524 307 3555 as
318 3509 354 3554 far
365 3522 390 3554 as
401 3506 515 3569 regarded
526 3509 564 3554 the
575 3507 707 3568 patriciana.
