2232 3862
446 209 574 270 mana
593 209 618 270 1.
967 211 1011 270 ιι
1086 173 1087 178 Ν

68 368 206 426 seniorum
221 387 256 426 ac
265 366 409 444 juniorum
418 366 438 423 ¹.
478 368 571 426 Prima
583 367 676 426 classis
689 385 784 426 omues
797 367 934 444 appellati.
964 367 1014 426 Se·
1088 364 1089 378 ³

67 448 162 515 aleres,
179 448 218 505 ad
230 449 309 504 urbis
323 447 477 504 custodiam
491 459 523 504 ut
536 462 644 524 praesto
658 460 767 506 essent:
783 446 908 523 juvenes,
928 458 962 506 ut
974 448 1016 506 fo·

67 527 98 583 ris
117 527 197 585 bella
217 539 356 602 gererent.
397 527 487 584 Arma
505 525 548 584 bis
561 528 702 602 imperata,
716 527 801 601 galea,
817 528 954 603 clypeum,
969 547 1016 586 oc·

67 625 133 674 reae,
155 606 268 672 lorica;
287 606 382 662 omnia
401 625 437 662 ex
456 625 527 664 aere.
568 605 650 664 Haec
669 619 701 662 ut
721 619 881 681 tegumenta
894 605 1016 682 corporis

66 697 165 744 assent.
213 685 284 742 Tela
297 686 326 741 iu
340 683 458 754 hostem,
472 684 603 759 hastaque
617 698 646 742 st
658 685 774 759 gladius.
815 685 937 742 Additae
951 683 1016 743 huic

65 763 142 821 classi
156 765 238 822 duae
251 763 360 822 febrim
381 765 529 830 centuriae,
545 765 687 838 quaeriue
700 763 783 822 armis
796 764 933 840 stipendia
945 765 1018 822 lace·

66 855 130 901 raut.
177 843 291 900 Datum
303 863 412 910 munus,
424 857 456 900 ut
466 841 604 900 machinas
617 844 645 900 in
654 843 725 900 bello
736 844 846 900 lerreut.
888 843 1016 902 Secunda

66 921 156 979 dassia
171 923 251 980 intra
263 935 373 980 centum
386 942 474 996 usque
487 923 521 979 ad
535 922 655 997 quinque
669 935 698 980 et
710 922 885 998 septuaginta
897 922 1016 980 millium

68 1021 180 1060 causum
198 1002 344 1067 instituta;
364 1013 394 1058 et
414 1022 448 1059 ex
462 1001 513 1068 bis,
527 1002 679 1060 senioribus
688 1000 906 1078 junioribusque,
921 1001 1018 1076 viginti

68 1083 245 1158 conscriptae
266 1080 422 1138 centuriae:
443 1100 517 1138 arma
537 1081 679 1157 imperata,
693 1079 825 1140 εοιιιιιιιι2
845 1099 896 1156 pro
908 1080 1017 1156 clypeo,

68 1173 93 1217 et
105 1174 223 1237 praeter
236 1161 348 1217 loricam
363 1160 456 1217 omnia
468 1161 573 1217 eadem.
614 1159 725 1216 Tertiae
739 1159 831 1218 classis
844 1159 872 1216 in
884 1159 1019 1234 quinqua·

71 1240 141 1314 ginta
154 1239 280 1296 millium
292 1258 407 1296 censum
417 1259 478 1296 esse
490 1239 584 1296 voluit.
626 1238 755 1296 Totidem
766 1239 905 1296 centuriae
916 1250 945 1295 et
955 1237 1017 1306 has,

71 1319 229 1394 eodemque
250 1318 408 1376 discrimine
428 1319 569 1384 aetatium,
584 1317 708 1376 factae³2
728 1337 780 1376 nec
795 1319 830 1374 do
843 1318 925 1374 armis
939 1317 1017 1394 quic·

69 1416 149 1472 quam
165 1410 326 1464 mutatum3
346 1417 444 1454 ocreae
457 1398 562 1454 tantum
577 1398 730 1473 ademptae.
771 1397 804 1454 ln
819 1395 1016 1472 quiriacum

72 1497 168 1548 census
192 1477 316 1552 quinque
336 1489 365 1533 et
382 1477 478 1551 viginti
498 1475 622 1542 millium,
636 1477 753 1534 totidem
767 1477 908 1534 centuriae
921 1477 1017 1534 factae.

73 1557 161 1614 Arma
174 1569 294 1622 mutata,
305 1555 372 1611 nibil
381 1555 603 1630 praeterbastam
612 1568 640 1612 et
649 1571 775 1613 verutum
784 1556 889 1612 datum.
929 1555 1018 1619 Quin·

72 1647 97 1691 ta
116 1636 216 1693 classis
231 1647 321 1701 aucta,
342 1635 482 1692 centuriae
496 1634 607 1710 triginta
623 1635 726 1692 tactae:
747 1635 845 1692 modas
860 1634 1019 1711 lapidesque

72 1715 191 1772 missiles
211 1713 240 1770 hi
255 1733 348 1770 secum
363 1713 503 1789 gerebant.
545 1713 576 1768 ln
594 1712 636 1770 bis
649 1714 765 1780 accensi,
780 1713 940 1781 cornicines,
955 1713 1020 1770 tibi·
1048 1781 1050 1786 Ι

73 1793 213 1869 ciuesque,
228 1795 257 1849 in
268 1806 325 1849 tres
336 1792 472 1850 centurias
485 1791 633 1849 distributi.
672 1791 812 1852 Undecim
823 1793 942 1850 millibus
952 1791 1021 1850 haec

72 1873 165 1930 classis
180 1872 357 1930 censebatur.
398 1871 464 1928 Hbc
484 1871 573 1928 minor
593 1891 692 1928 census
712 1872 843 1947 reliquam
865 1869 1020 1930 multitudi-

74 1971 135 2009 nem
157 1951 268 2008 habuit.
309 1950 379 2007 Inde
399 1971 454 2007 una
473 1951 597 2008 centuria
616 1951 687 2008 facta
700 1964 751 2018 eat,
772 1951 1022 2008 immunismil'rtii.

75 2029 117 2087 lta
129 2031 258 2107 pedestri
272 2030 397 2086 exercitu
411 2041 506 2086 omato
521 2028 732 2104 distributoque,
742 2030 865 2104 equitum
876 2049 910 2086 ex
919 2030 1022 2104 primo·

76 2110 150 2166 ribus
173 2109 295 2167 civitatis
316 2109 463 2165 duodecim
483 2109 592 2184 scripsit
612 2109 757 2165 centurias.
799 2108 854 2165 Sex
875 2108 941 2163 item
955 2107 1022 2164 alias

75 2188 225 2255 centurias,
241 2189 329 2245 tribus
342 2189 376 2244 ab
393 2187 513 2244 Romulo
526 2187 667 2254 institutis,
683 2189 734 2244 sub
747 2187 854 2253 iisdem,
868 2187 967 2264 quibus
980 2187 1022 2243 in·

75 2281 228 2342 auguratae
249 2279 336 2332 erant,
356 2267 513 2324 nominibus
533 2267 606 2324 lecit.
650 2267 696 2324 Ad
710 2287 796 2342 equos
809 2266 1023 2323 emendosdena

76 2348 163 2405 millia
177 2345 250 2412 aeris
263 2365 299 2402 ex
312 2345 423 2421 publico
437 2348 516 2412 data;
538 2359 575 2411 et,
589 2346 688 2419 quibus
702 2367 787 2422 equos
801 2346 913 2414 alerent,
924 2346 1024 2404 viduas

76 2426 239 2491 attributae,
261 2444 331 2499 quae
352 2424 415 2481 bina
435 2425 519 2483 millia
535 2425 606 2482 aeris
625 2426 653 2482 in
673 2445 758 2482 annos
779 2425 900 2500 singulos
919 2426 1024 2502 pende·

76 2518 137 2562 rent
148 2504 172 2540 ⁴·
216 2503 299 2560 Haec
319 2503 411 2560 omnia
430 2503 458 2559 in
480 2505 551 2562 dites
570 2523 588 2560 ιι
607 2506 773 2582 pauperibus
789 2505 917 2561 inclinata
931 2523 1024 2561 onera.

77 2582 193 2640 Deinde
215 2595 258 2639 est
278 2581 365 2638 honos
385 2583 503 2639 additus.
545 2581 609 2640 Non
624 2585 706 2650 enim,
722 2584 770 2660 (ut
785 2583 820 2640 ab
836 2584 957 2641 Romulo
971 2596 1025 2640 tra·

76 2662 169 2718 ditum
191 2662 280 2720 ceteri
294 2675 468 2718 servaverant
491 2661 609 2738 Regae)
624 2663 725 2720 viritim
747 2661 907 2738 suffragium
926 2663 1024 2719 eidem

76 2742 102 2796 vi
116 2741 277 2816 eodemque
285 2739 349 2815 jure
363 2742 518 2816 promiscue
532 2741 658 2800 omnibus
673 2744 767 2800 datum
783 2753 840 2798 est:
861 2742 910 2798 sed
923 2742 1025 2818 gradrm

76 2821 151 2889 lacti,
175 2833 208 2876 ut
229 2839 318 2894 neque
332 2815 459 2878 eiclusus
473 2821 617 2898 quisquam
630 2821 761 2897 suffragio
774 2821 921 2890 videretur,
942 2833 971 2880 et
985 2821 1026 2878 vis

111 2989 117 3016 ¹
137 2989 282 3044 mimum,
305 2987 369 3035 from
391 2987 420 3036 l'l
437 2997 462 3036 to
478 2987 513 3036 45
534 3003 601 3051 years
617 2989 647 3036 ol
664 3004 717 3052 age,
743 2991 874 3048 animum,
891 2987 925 3036 all
941 2989 1025 3038 abore.

78 3053 92 3133 ¹¹
108 3061 224 3110 aarum,
237 3069 251 3101 a
263 3055 322 3118 long
331 3055 422 3136 oblong
433 3056 634 3136 ahieldlcorering
646 3058 686 3104 tbs
698 3057 775 3104 whole
786 3056 857 3118 body,
870 3056 918 3104 and
929 3056 1028 3104 render-

77 3124 454 3251 l25.2.3¹”t;‘t2''.:ll.l⁰s·t
468 3126 550 3238 lltl
565 3139 693 3240 atum
711 3125 820 3240 liiii
832 3125 1029 3246 ιῗῖιῖἷέῖῗὲ

78 3267 174 3318 twenty
186 3258 315 3317 centurias,
333 3268 373 3305 ten
384 3261 523 3323 juniorum.
541 3268 581 3306 teu
600 3263 726 3310 tertiorum.
796 3261 857 3308 ‘Et
874 3263 965 3323 quibua,
983 3261 1028 3323 ᾀο.

81 3323 142 3372 And
162 3325 203 3370 the
220 3325 311 3373 burden
324 3327 353 3372 of
366 3327 526 3391 maintainiug
543 3328 604 3374 tbcir
615 3329 696 3374 horsea
707 3343 755 3376 aaa
766 3327 815 3375 laid
826 3342 859 3374 on
871 3329 911 3372 the
922 3325 1028 3381 widorrs,

79 3394 136 3439 who
149 3405 215 3440 were
226 3391 325 3440 ordered
343 3403 368 3440 to
385 3411 439 3456 pay,
459 3399 514 3460 (not
524 3395 591 3455 each,
606 3397 651 3443 but
662 3395 834 3458 collectirely,)
846 3403 871 3442 to
882 3392 940 3439 each
952 3391 1034 3443 horsa

79 3475 148 3519 man,
162 3459 215 3508 2⁰0
224 3461 320 3521 pouuda
331 3463 360 3510 ol
368 3463 433 3510 bruas
443 3462 532 3526 yearly.

557 3545 575 3584 Ε
