<?xml version="1.0" encoding="UTF-8"?>
<!DOCTYPE html PUBLIC "-//W3C//DTD XHTML 1.0 Transitional//EN"
    "http://www.w3.org/TR/xhtml1/DTD/xhtml1-transitional.dtd">
<html xmlns="http://www.w3.org/1999/xhtml" xml:lang="en" lang="en">
 <head>
  <title>
</title>
<meta http-equiv="Content-Type" content="text/html;charset=utf-8" />
  <meta name='ocr-system' content='tesseract 3.04.00' />
  <meta name='ocr-capabilities' content='ocr_page ocr_carea ocr_par ocr_line ocrx_word'/>
</head>
<body>
  <div class='ocr_page' id='page_1' title='image "./titiliviipatavi04livygoog_0317.png"; bbox 0 0 2224 3862; ppageno 0'>
   <div class='ocr_carea' id='block_1_1' title="bbox 430 206 998 277">
    <p class='ocr_par' dir='ltr' id='par_1_1' title="bbox 430 206 998 277">
     <span class='ocr_line' id='line_1_1' title="bbox 430 206 998 277; baseline -0.004 -1"><span class='ocrx_word' id='word_1_1' title='bbox 430 215 555 277; x_wconf 83' lang='lat' dir='ltr'>LIBER</span> <span class='ocrx_word' id='word_1_2' title='bbox 575 217 612 275; x_wconf 76' lang='lat' dir='ltr'>V.</span> <span class='ocrx_word' id='word_1_3' title='bbox 940 206 998 266; x_wconf 83' lang='lat'>3⁰5</span> 
     </span>
    </p>
   </div>
   <div class='ocr_carea' id='block_1_2' title="bbox 68 363 993 450">
    <p class='ocr_par' dir='ltr' id='par_1_2' title="bbox 68 363 993 450">
     <span class='ocr_line' id='line_1_2' title="bbox 68 363 993 450; baseline -0.011 -20"><span class='ocrx_word' id='word_1_4' title='bbox 68 371 270 448; x_wconf 80' lang='lat' dir='ltr'>‘citidsprivati</span> <span class='ocrx_word' id='word_1_5' title='bbox 282 371 348 432; x_wconf 84' lang='lat' dir='ltr'>lacti</span> <span class='ocrx_word' id='word_1_6' title='bbox 361 373 431 432; x_wconf 82' lang='lat' dir='ltr'>siut:</span> <span class='ocrx_word' id='word_1_7' title='bbox 452 393 541 450; x_wconf 87' lang='lat' dir='ltr'>neque</span> <span class='ocrx_word' id='word_1_8' title='bbox 559 372 720 450; x_wconf 72' lang='lat' dir='ltr'>intelligere,</span> <span class='ocrx_word' id='word_1_9' title='bbox 731 366 851 428; x_wconf 80' lang='lat' dir='ltr'>nocendi</span> <span class='ocrx_word' id='word_1_10' title='bbox 864 365 918 424; x_wconf 89' lang='lat' dir='ltr'>sibi</span> <span class='ocrx_word' id='word_1_11' title='bbox 930 363 993 422; x_wconf 80' lang='lat' dir='ltr'>diu·</span> 
     </span>
    </p>
   </div>
   <div class='ocr_carea' id='block_1_3' title="bbox 4 449 1090 3230">
    <p class='ocr_par' dir='ltr' id='par_1_3' title="bbox 4 449 993 1464">
     <span class='ocr_line' id='line_1_3' title="bbox 63 449 992 529; baseline -0.011 -19"><span class='ocrx_word' id='word_1_12' title='bbox 63 453 128 510; x_wconf 80' lang='lat' dir='ltr'>‘dus</span> <span class='ocrx_word' id='word_1_13' title='bbox 147 464 207 508; x_wconf 90' lang='lat' dir='ltr'>tum</span> <span class='ocrx_word' id='word_1_14' title='bbox 223 463 395 528; x_wconf 89' lang='lat' dir='ltr'>potestatem</span> <span class='ocrx_word' id='word_1_15' title='bbox 406 467 530 529; x_wconf 29' lang='lat' dir='ltr'>,ereptam</span> <span class='ocrx_word' id='word_1_16' title='bbox 545 473 614 521; x_wconf 84' lang='lat' dir='ltr'>esse,</span> <span class='ocrx_word' id='word_1_17' title='bbox 628 472 684 510; x_wconf 91' lang='lat' dir='ltr'>non</span> <span class='ocrx_word' id='word_1_18' title='bbox 697 469 814 528; x_wconf 87' lang='lat' dir='ltr'>poenum</span> <span class='ocrx_word' id='word_1_19' title='bbox 828 449 992 520; x_wconf 68' lang='lat' dir='ltr'>irrogatam</span> 
     </span>
     <span class='ocr_line' id='line_1_4' title="bbox 61 524 991 614; baseline -0.01 -26"><span class='ocrx_word' id='word_1_20' title='bbox 61 531 172 608; x_wconf 89' lang='lat' dir='ltr'>‘quippe</span> <span class='ocrx_word' id='word_1_21' title='bbox 192 543 223 590; x_wconf 86' lang='lat' dir='ltr'>et</span> <span class='ocrx_word' id='word_1_22' title='bbox 243 531 355 608; x_wconf 78' lang='lat' dir='ltr'>collegis</span> <span class='ocrx_word' id='word_1_23' title='bbox 368 533 530 608; x_wconf 73' lang='lat' dir='ltr'>abrogatum</span> <span class='ocrx_word' id='word_1_24' title='bbox 543 532 699 610; x_wconf 90' lang='lat' dir='ltr'>imperium,</span> <span class='ocrx_word' id='word_1_25' title='bbox 713 530 761 606; x_wconf 90' lang='lat' dir='ltr'>qui</span> <span class='ocrx_word' id='word_1_26' title='bbox 775 529 849 586; x_wconf 77' lang='lat' dir='ltr'>certe</span> <span class='ocrx_word' id='word_1_27' title='bbox 862 524 929 582; x_wconf 82' lang='lat' dir='ltr'><strong>nihil</strong></span> <span class='ocrx_word' id='word_1_28' title='bbox 943 524 991 614; x_wconf 50' lang='lat' dir='ltr'>de:</span> 
     </span>
     <span class='ocr_line' id='line_1_5' title="bbox 60 609 992 688; baseline -0.01 -21"><span class='ocrx_word' id='word_1_29' title='bbox 60 611 223 686; x_wconf 81' lang='lat' dir='ltr'>‘liquiseeut</span> <span class='ocrx_word' id='word_1_30' title='bbox 263 609 330 670; x_wconf 89' lang='lat' dir='ltr'>Illos</span> <span class='ocrx_word' id='word_1_31' title='bbox 350 624 507 688; x_wconf 75' lang='lat' dir='ltr'>repeterent</span> <span class='ocrx_word' id='word_1_32' title='bbox 525 612 632 670; x_wconf 85' lang='lat' dir='ltr'>animos</span> <span class='ocrx_word' id='word_1_33' title='bbox 652 611 783 677; x_wconf 83' lang='lat' dir='ltr'>Quirites,</span> <span class='ocrx_word' id='word_1_34' title='bbox 805 625 874 682; x_wconf 91' lang='lat' dir='ltr'>quos</span> <span class='ocrx_word' id='word_1_35' title='bbox 887 615 992 663; x_wconf 81' lang='lat' dir='ltr'>recenti</span> 
     </span>
     <span class='ocr_line' id='line_1_6' title="bbox 59 682 992 768; baseline -0.012 -20"><span class='ocrx_word' id='word_1_36' title='bbox 59 690 146 748; x_wconf 85' lang='lat' dir='ltr'>‘clade</span> <span class='ocrx_word' id='word_1_37' title='bbox 159 690 278 766; x_wconf 70' lang='lat' dir='ltr'>accepti</span> <span class='ocrx_word' id='word_1_38' title='bbox 291 690 459 758; x_wconf 85' lang='lat' dir='ltr'>habuissent,</span> <span class='ocrx_word' id='word_1_39' title='bbox 473 711 558 767; x_wconf 90' lang='lat' dir='ltr'>quum</span> <span class='ocrx_word' id='word_1_40' title='bbox 572 692 639 768; x_wconf 70' lang='lat' dir='ltr'>lugd</span> <span class='ocrx_word' id='word_1_41' title='bbox 651 689 798 766; x_wconf 91' lang='lat' dir='ltr'>trepidum,</span> <span class='ocrx_word' id='word_1_42' title='bbox 808 686 921 761; x_wconf 86' lang='lat' dir='ltr'>planum</span> <span class='ocrx_word' id='word_1_43' title='bbox 932 682 992 738; x_wconf 88' lang='lat' dir='ltr'>vul·</span> 
     </span>
     <span class='ocr_line' id='line_1_7' title="bbox 58 764 993 847; baseline -0.01 -21"><span class='ocrx_word' id='word_1_44' title='bbox 58 777 166 826; x_wconf 89' lang='lat' dir='ltr'>‘nerum</span> <span class='ocrx_word' id='word_1_45' title='bbox 179 789 215 828; x_wconf 93' lang='lat' dir='ltr'>ac</span> <span class='ocrx_word' id='word_1_46' title='bbox 227 770 346 846; x_wconf 84' lang='lat' dir='ltr'>parore¹</span> <span class='ocrx_word' id='word_1_47' title='bbox 360 771 527 828; x_wconf 76' lang='lat' dir='ltr'>incidentem</span> <span class='ocrx_word' id='word_1_48' title='bbox 541 772 627 847; x_wconf 85' lang='lat' dir='ltr'>portis</span> <span class='ocrx_word' id='word_1_49' title='bbox 639 770 791 828; x_wconf 82' lang='lat' dir='ltr'>exercitum</span> <span class='ocrx_word' id='word_1_50' title='bbox 802 764 927 829; x_wconf 81' lang='lat' dir='ltr'>viderint,</span> <span class='ocrx_word' id='word_1_51' title='bbox 936 779 993 818; x_wconf 88' lang='lat' dir='ltr'>nou</span> 
     </span>
     <span class='ocr_line' id='line_1_8' title="bbox 58 847 992 932; baseline -0.01 -25"><span class='ocrx_word' id='word_1_52' title='bbox 58 849 209 907; x_wconf 84' lang='lat' dir='ltr'>‘fortunam</span> <span class='ocrx_word' id='word_1_53' title='bbox 226 861 276 906; x_wconf 92' lang='lat' dir='ltr'>aut</span> <span class='ocrx_word' id='word_1_54' title='bbox 295 867 461 925; x_wconf 88' lang='lat' dir='ltr'>quemquam</span> <span class='ocrx_word' id='word_1_55' title='bbox 476 850 611 918; x_wconf 86' lang='lat' dir='ltr'>Deorum,</span> <span class='ocrx_word' id='word_1_56' title='bbox 631 850 681 908; x_wconf 90' lang='lat' dir='ltr'>sed</span> <span class='ocrx_word' id='word_1_57' title='bbox 702 847 752 905; x_wconf 88' lang='lat' dir='ltr'>hos</span> <span class='ocrx_word' id='word_1_58' title='bbox 765 847 850 904; x_wconf 87' lang='lat' dir='ltr'>duoee</span> <span class='ocrx_word' id='word_1_59' title='bbox 863 859 992 932; x_wconf 53' lang='lat' dir='ltr'>accusso:</span> 
     </span>
     <span class='ocr_line' id='line_1_9' title="bbox 58 926 992 997; baseline -0.011 -11"><span class='ocrx_word' id='word_1_60' title='bbox 58 936 134 986; x_wconf 82' lang='lat' dir='ltr'>‘tem</span> <span class='ocrx_word' id='word_1_61' title='bbox 176 929 236 988; x_wconf 88' lang='lat' dir='ltr'>Pro</span> <span class='ocrx_word' id='word_1_62' title='bbox 249 939 325 988; x_wconf 84' lang='lat' dir='ltr'>terto</span> <span class='ocrx_word' id='word_1_63' title='bbox 339 949 370 987; x_wconf 88' lang='lat' dir='ltr'>se</span> <span class='ocrx_word' id='word_1_64' title='bbox 382 929 490 997; x_wconf 88' lang='lat' dir='ltr'>habere,</span> <span class='ocrx_word' id='word_1_65' title='bbox 505 931 643 987; x_wconf 86' lang='lat' dir='ltr'>neminem</span> <span class='ocrx_word' id='word_1_66' title='bbox 657 929 685 985; x_wconf 91' lang='lat' dir='ltr'>in</span> <span class='ocrx_word' id='word_1_67' title='bbox 699 926 830 986; x_wconf 89' lang='lat' dir='ltr'>concione</span> <span class='ocrx_word' id='word_1_68' title='bbox 848 935 929 989; x_wconf 86' lang='lat' dir='ltr'>stare,</span> <span class='ocrx_word' id='word_1_69' title='bbox 944 937 992 995; x_wconf 81' lang='lat' dir='ltr'>qur</span> 
     </span>
     <span class='ocr_line' id='line_1_10' title="bbox 57 998 992 1092; baseline -0.01 -29"><span class='ocrx_word' id='word_1_70' title='bbox 57 1007 117 1064; x_wconf 89' lang='lat' dir='ltr'>‘illo</span> <span class='ocrx_word' id='word_1_71' title='bbox 137 1007 184 1065; x_wconf 90' lang='lat' dir='ltr'>die</span> <span class='ocrx_word' id='word_1_72' title='bbox 206 1027 263 1064; x_wconf 89' lang='lat' dir='ltr'>non</span> <span class='ocrx_word' id='word_1_73' title='bbox 276 1021 368 1086; x_wconf 82' lang='lat' dir='ltr'>ceput,</span> <span class='ocrx_word' id='word_1_74' title='bbox 382 1010 506 1076; x_wconf 67' lang='lat' dir='ltr'>domm</span> <span class='ocrx_word' id='word_1_75' title='bbox 520 1009 700 1084; x_wconf 67' lang='lat' dir='ltr'>fortunaeque,</span> <span class='ocrx_word' id='word_1_76' title='bbox 713 1007 747 1064; x_wconf 83' lang='lat' dir='ltr'>t.</span> <span class='ocrx_word' id='word_1_77' title='bbox 762 1001 881 1080; x_wconf 85' lang='lat' dir='ltr'>Virginii</span> <span class='ocrx_word' id='word_1_78' title='bbox 893 1019 925 1057; x_wconf 93' lang='lat' dir='ltr'>ac</span> <span class='ocrx_word' id='word_1_79' title='bbox 940 998 992 1092; x_wconf 71' lang='grc' dir='ltr'>Μ’.</span> 
     </span>
     <span class='ocr_line' id='line_1_11' title="bbox 5 1085 991 1163; baseline -0.008 -19"><span class='ocrx_word' id='word_1_80' title='bbox 5 1085 6 1136; x_wconf 64' lang='grc' dir='ltr'>ἶ</span> <span class='ocrx_word' id='word_1_81' title='bbox 58 1085 161 1162; x_wconf 79' lang='lat' dir='ltr'>‘Sergii</span> <span class='ocrx_word' id='word_1_82' title='bbox 188 1087 227 1144; x_wconf 87' lang='lat' dir='ltr'>eit</span> <span class='ocrx_word' id='word_1_83' title='bbox 254 1101 412 1148; x_wconf 84' lang='lat' dir='ltr'>exsecratus</span> <span class='ocrx_word' id='word_1_84' title='bbox 436 1089 652 1163; x_wconf 86' lang='lat' dir='ltr'>detestatusque.</span> <span class='ocrx_word' id='word_1_85' title='bbox 693 1085 813 1144; x_wconf 79' lang='lat' dir='ltr'>Minime</span> <span class='ocrx_word' id='word_1_86' title='bbox 836 1097 991 1144; x_wconf 80' lang='lat' dir='ltr'>conventre,</span> 
     </span>
     <span class='ocr_line' id='line_1_12' title="bbox 4 1163 991 1244; baseline -0.01 -21"><span class='ocrx_word' id='word_1_87' title='bbox 4 1221 5 1229; x_wconf 68' lang='grc'><strong>,</strong></span> <span class='ocrx_word' id='word_1_88' title='bbox 57 1166 170 1240; x_wconf 87' lang='lat' dir='ltr'>‘quibus</span> <span class='ocrx_word' id='word_1_89' title='bbox 185 1166 272 1224; x_wconf 86' lang='lat' dir='ltr'>iratos</span> <span class='ocrx_word' id='word_1_90' title='bbox 285 1168 401 1242; x_wconf 87' lang='lat' dir='ltr'>quisque</span> <span class='ocrx_word' id='word_1_91' title='bbox 415 1167 494 1225; x_wconf 88' lang='lat' dir='ltr'>Deos</span> <span class='ocrx_word' id='word_1_92' title='bbox 508 1179 635 1244; x_wconf 74' lang='lat' dir='ltr'>precatus</span> <span class='ocrx_word' id='word_1_93' title='bbox 647 1167 693 1232; x_wconf 87' lang='lat' dir='ltr'>sit,</span> <span class='ocrx_word' id='word_1_94' title='bbox 707 1168 736 1222; x_wconf 91' lang='lat' dir='ltr'>in</span> <span class='ocrx_word' id='word_1_95' title='bbox 746 1164 779 1221; x_wconf 90' lang='lat' dir='ltr'>iis</span> <span class='ocrx_word' id='word_1_96' title='bbox 788 1163 991 1238; x_wconf 71' lang='lat' dir='ltr'>suipotestate,</span> 
     </span>
     <span class='ocr_line' id='line_1_13' title="bbox 5 1238 992 1324; baseline -0.009 -22"><span class='ocrx_word' id='word_1_97' title='bbox 5 1243 6 1280; x_wconf 57' lang='grc' dir='ltr'><strong>ἓ</strong></span> <span class='ocrx_word' id='word_1_98' title='bbox 58 1251 156 1320; x_wconf 84' lang='lat' dir='ltr'>‘quum</span> <span class='ocrx_word' id='word_1_99' title='bbox 177 1246 263 1304; x_wconf 89' lang='lat' dir='ltr'>liceat</span> <span class='ocrx_word' id='word_1_100' title='bbox 282 1260 311 1304; x_wconf 91' lang='lat' dir='ltr'>et</span> <span class='ocrx_word' id='word_1_101' title='bbox 330 1259 465 1324; x_wconf 86' lang='lat' dir='ltr'>oporteat,</span> <span class='ocrx_word' id='word_1_102' title='bbox 489 1267 545 1304; x_wconf 88' lang='lat' dir='ltr'>non</span> <span class='ocrx_word' id='word_1_103' title='bbox 561 1247 612 1304; x_wconf 90' lang='lat' dir='ltr'>uti.</span> <span class='ocrx_word' id='word_1_104' title='bbox 639 1246 801 1320; x_wconf 41' lang='lat' dir='ltr'>*Nunquam</span> <span class='ocrx_word' id='word_1_105' title='bbox 819 1241 904 1298; x_wconf 89' lang='lat' dir='ltr'>Deos&#39;</span> <span class='ocrx_word' id='word_1_106' title='bbox 917 1238 992 1314; x_wconf 85' lang='lat' dir='ltr'>ipsos</span> 
     </span>
     <span class='ocr_line' id='line_1_14' title="bbox 4 1318 993 1394; baseline -0.008 -14"><span class='ocrx_word' id='word_1_107' title='bbox 4 1357 5 1362; x_wconf 22' lang='grc' dir='ltr'><strong><em>κ</em></strong></span> <span class='ocrx_word' id='word_1_108' title='bbox 57 1325 221 1384; x_wconf 77' lang='lat' dir='ltr'>‘admovere</span> <span class='ocrx_word' id='word_1_109' title='bbox 240 1327 404 1384; x_wconf 86' lang='lat' dir='ltr'>nocentibus</span> <span class='ocrx_word' id='word_1_110' title='bbox 423 1345 530 1384; x_wconf 87' lang='lat' dir='ltr'>manus.</span> <span class='ocrx_word' id='word_1_111' title='bbox 570 1325 644 1384; x_wconf 87' lang='lat' dir='ltr'>Satis</span> <span class='ocrx_word' id='word_1_112' title='bbox 664 1345 733 1394; x_wconf 85' lang='lat' dir='ltr'>esse,</span> <span class='ocrx_word' id='word_1_113' title='bbox 750 1323 774 1379; x_wconf 87' lang='lat' dir='ltr'>si</span> <span class='ocrx_word' id='word_1_114' title='bbox 793 1319 937 1380; x_wconf 77' lang='lat' dir='ltr'>occasione</span> <span class='ocrx_word' id='word_1_115' title='bbox 950 1318 993 1374; x_wconf 90' lang='lat' dir='ltr'>ul·</span> 
     </span>
     <span class='ocr_line' id='line_1_15' title="bbox 56 1404 435 1464; baseline 0.003 -2"><span class='ocrx_word' id='word_1_116' title='bbox 56 1404 196 1462; x_wconf 85' lang='lat' dir='ltr'>‘ciacendi</span> <span class='ocrx_word' id='word_1_117' title='bbox 209 1406 298 1462; x_wconf 87' lang='lat' dir='ltr'>laesos</span> <span class='ocrx_word' id='word_1_118' title='bbox 310 1405 435 1464; x_wconf 65' lang='lat' dir='ltr'>arment!</span> 
     </span>
    </p>

    <p class='ocr_par' dir='ltr' id='par_1_4' title="bbox 57 1477 1090 3230">
     <span class='ocr_line' id='line_1_16' title="bbox 87 1477 993 1562; baseline -0.01 -20"><span class='ocrx_word' id='word_1_119' title='bbox 87 1483 154 1542; x_wconf 79' lang='grc' dir='ltr'>ΧΠ.</span> <span class='ocrx_word' id='word_1_120' title='bbox 196 1483 252 1542; x_wconf 82' lang='grc' dir='ltr'>Ηίι</span> <span class='ocrx_word' id='word_1_121' title='bbox 272 1485 440 1544; x_wconf 88' lang='lat' dir='ltr'>orationibus</span> <span class='ocrx_word' id='word_1_122' title='bbox 457 1485 571 1548; x_wconf 80' lang='lat' dir='ltr'>incitata</span> <span class='ocrx_word' id='word_1_123' title='bbox 587 1485 664 1562; x_wconf 88' lang='lat' dir='ltr'>plebs</span> <span class='ocrx_word' id='word_1_124' title='bbox 684 1483 762 1542; x_wconf 86' lang='lat' dir='ltr'>deuia</span> <span class='ocrx_word' id='word_1_125' title='bbox 784 1478 904 1538; x_wconf 86' lang='lat' dir='ltr'>millibus</span> <span class='ocrx_word' id='word_1_126' title='bbox 922 1477 993 1535; x_wconf 85' lang='lat' dir='ltr'>auris</span> 
     </span>
     <span class='ocr_line' id='line_1_17' title="bbox 57 1559 993 1642; baseline -0.005 -23"><span class='ocrx_word' id='word_1_127' title='bbox 57 1563 136 1637; x_wconf 76' lang='lat' dir='ltr'>gravis</span> <span class='ocrx_word' id='word_1_128' title='bbox 155 1583 223 1622; x_wconf 87' lang='lat' dir='ltr'>reos</span> <span class='ocrx_word' id='word_1_129' title='bbox 246 1565 420 1632; x_wconf 87' lang='lat' dir='ltr'>condemnat,</span> <span class='ocrx_word' id='word_1_130' title='bbox 446 1565 629 1642; x_wconf 80' lang='lat' dir='ltr'>nequicquam</span> <span class='ocrx_word' id='word_1_131' title='bbox 652 1563 749 1640; x_wconf 77' lang='lat' dir='ltr'>Sergio</span> <span class='ocrx_word' id='word_1_132' title='bbox 770 1559 891 1618; x_wconf 88' lang='lat' dir='ltr'>Martem</span> <span class='ocrx_word' id='word_1_133' title='bbox 916 1576 993 1615; x_wconf 90' lang='lat' dir='ltr'>com·</span> 
     </span>
     <span class='ocr_line' id='line_1_18' title="bbox 58 1641 993 1720; baseline -0.005 -22"><span class='ocrx_word' id='word_1_134' title='bbox 58 1661 160 1702; x_wconf 89' lang='lat' dir='ltr'>munem</span> <span class='ocrx_word' id='word_1_135' title='bbox 171 1643 240 1702; x_wconf 91' lang='lat' dir='ltr'>belli</span> <span class='ocrx_word' id='word_1_136' title='bbox 249 1645 442 1720; x_wconf 77' lang='lat' dir='ltr'>fortunamque</span> <span class='ocrx_word' id='word_1_137' title='bbox 451 1658 605 1712; x_wconf 86' lang='lat' dir='ltr'>accusante,</span> <span class='ocrx_word' id='word_1_138' title='bbox 616 1643 741 1720; x_wconf 85' lang='lat' dir='ltr'>Virginio</span> <span class='ocrx_word' id='word_1_139' title='bbox 751 1641 925 1717; x_wconf 80' lang='lat' dir='ltr'>deprecante,</span> <span class='ocrx_word' id='word_1_140' title='bbox 940 1645 993 1694; x_wconf 83' lang='lat' dir='ltr'>‘ne</span> 
     </span>
     <span class='ocr_line' id='line_1_19' title="bbox 59 1718 993 1798; baseline -0.007 -19"><span class='ocrx_word' id='word_1_141' title='bbox 59 1721 211 1780; x_wconf 83' lang='lat' dir='ltr'>‘infelicior</span> <span class='ocrx_word' id='word_1_142' title='bbox 223 1723 308 1791; x_wconf 89' lang='lat' dir='ltr'>domi,</span> <span class='ocrx_word' id='word_1_143' title='bbox 322 1723 404 1798; x_wconf 77' lang='lat' dir='ltr'>quium</span> <span class='ocrx_word' id='word_1_144' title='bbox 418 1724 541 1791; x_wconf 87' lang='lat' dir='ltr'>militiae,</span> <span class='ocrx_word' id='word_1_145' title='bbox 561 1723 650 1782; x_wconf 80' lang='lat' dir='ltr'>esset’</span> <span class='ocrx_word' id='word_1_146' title='bbox 691 1723 724 1780; x_wconf 91' lang='lat' dir='ltr'>In</span> <span class='ocrx_word' id='word_1_147' title='bbox 739 1720 789 1780; x_wconf 91' lang='lat' dir='ltr'>hos</span> <span class='ocrx_word' id='word_1_148' title='bbox 802 1739 881 1777; x_wconf 77' lang='lat' dir='ltr'>versa</span> <span class='ocrx_word' id='word_1_149' title='bbox 892 1718 933 1774; x_wconf 85' lang='lat' dir='ltr'>ira</span> <span class='ocrx_word' id='word_1_150' title='bbox 944 1735 993 1792; x_wconf 85' lang='lat' dir='ltr'>po·</span> 
     </span>
     <span class='ocr_line' id='line_1_20' title="bbox 58 1795 1090 1880; baseline -0.006 -22"><span class='ocrx_word' id='word_1_151' title='bbox 58 1801 115 1876; x_wconf 92' lang='lat' dir='ltr'>puli,</span> <span class='ocrx_word' id='word_1_152' title='bbox 135 1802 322 1878; x_wconf 88' lang='lat' dir='ltr'>cooptationis</span> <span class='ocrx_word' id='word_1_153' title='bbox 335 1803 509 1860; x_wconf 88' lang='lat' dir='ltr'>tribunorum</span> <span class='ocrx_word' id='word_1_154' title='bbox 526 1803 692 1879; x_wconf 75' lang='lat' dir='ltr'>fraudisque,</span> <span class='ocrx_word' id='word_1_155' title='bbox 713 1813 808 1860; x_wconf 89' lang='lat' dir='ltr'>contra</span> <span class='ocrx_word' id='word_1_156' title='bbox 821 1799 911 1874; x_wconf 85' lang='lat' dir='ltr'>legem</span> <span class='ocrx_word' id='word_1_157' title='bbox 925 1795 994 1853; x_wconf 81' lang='lat' dir='ltr'>Tre·</span> <span class='ocrx_word' id='word_1_158' title='bbox 1089 1877 1090 1880; x_wconf 7' lang='grc' dir='ltr'><strong>Ἴ</strong></span> 
     </span>
     <span class='ocr_line' id='line_1_21' title="bbox 59 1879 993 1949; baseline -0.005 -10"><span class='ocrx_word' id='word_1_159' title='bbox 59 1881 160 1939; x_wconf 65' lang='lat' dir='ltr'>bonnm</span> <span class='ocrx_word' id='word_1_160' title='bbox 175 1881 276 1949; x_wconf 82' lang='lat' dir='ltr'>factae,</span> <span class='ocrx_word' id='word_1_161' title='bbox 295 1883 455 1940; x_wconf 89' lang='lat' dir='ltr'>memoriam</span> <span class='ocrx_word' id='word_1_162' title='bbox 470 1882 613 1940; x_wconf 83' lang='lat' dir='ltr'>obscuram</span> <span class='ocrx_word' id='word_1_163' title='bbox 627 1883 701 1940; x_wconf 87' lang='lat' dir='ltr'>fecit.</span> <span class='ocrx_word' id='word_1_164' title='bbox 741 1879 869 1936; x_wconf 82' lang='lat' dir='ltr'>Victores</span> <span class='ocrx_word' id='word_1_165' title='bbox 881 1879 993 1945; x_wconf 88' lang='lat' dir='ltr'>tribuni,</span> 
     </span>
     <span class='ocr_line' id='line_1_22' title="bbox 57 1958 994 2038; baseline -0.002 -23"><span class='ocrx_word' id='word_1_166' title='bbox 57 1971 84 2016; x_wconf 90' lang='lat' dir='ltr'>ut</span> <span class='ocrx_word' id='word_1_167' title='bbox 95 1974 270 2036; x_wconf 83' lang='lat' dir='ltr'>praesentem</span> <span class='ocrx_word' id='word_1_168' title='bbox 284 1961 440 2020; x_wconf 88' lang='lat' dir='ltr'>mercedem</span> <span class='ocrx_word' id='word_1_169' title='bbox 449 1961 547 2038; x_wconf 86' lang='lat' dir='ltr'>judieii</span> <span class='ocrx_word' id='word_1_170' title='bbox 561 1963 655 2038; x_wconf 87' lang='lat' dir='ltr'>plebes</span> <span class='ocrx_word' id='word_1_171' title='bbox 671 1959 794 2025; x_wconf 88' lang='lat' dir='ltr'>haberet,</span> <span class='ocrx_word' id='word_1_172' title='bbox 813 1958 901 2034; x_wconf 79' lang='lat' dir='ltr'>legem</span> <span class='ocrx_word' id='word_1_173' title='bbox 916 1975 994 2033; x_wconf 82' lang='lat' dir='ltr'>agre·</span> 
     </span>
     <span class='ocr_line' id='line_1_23' title="bbox 59 2038 995 2116; baseline -0.003 -20"><span class='ocrx_word' id='word_1_174' title='bbox 59 2039 117 2096; x_wconf 86' lang='lat' dir='ltr'>riam</span> <span class='ocrx_word' id='word_1_175' title='bbox 131 2041 318 2116; x_wconf 83' lang='lat' dir='ltr'>promulgant,</span> <span class='ocrx_word' id='word_1_176' title='bbox 337 2041 526 2116; x_wconf 85' lang='lat' dir='ltr'>tributumque</span> <span class='ocrx_word' id='word_1_177' title='bbox 540 2040 656 2098; x_wconf 85' lang='lat' dir='ltr'>conferri</span> <span class='ocrx_word' id='word_1_178' title='bbox 670 2038 832 2116; x_wconf 80' lang='lat' dir='ltr'>probibent:</span> <span class='ocrx_word' id='word_1_179' title='bbox 852 2057 937 2113; x_wconf 90' lang='lat' dir='ltr'>quum</span> <span class='ocrx_word' id='word_1_180' title='bbox 951 2049 995 2093; x_wconf 90' lang='lat' dir='ltr'>tot</span> 
     </span>
     <span class='ocr_line' id='line_1_24' title="bbox 59 2117 994 2196; baseline -0.004 -21"><span class='ocrx_word' id='word_1_181' title='bbox 59 2121 219 2178; x_wconf 82' lang='lat' dir='ltr'>exercitibus</span> <span class='ocrx_word' id='word_1_182' title='bbox 232 2120 370 2196; x_wconf 84' lang='lat' dir='ltr'>stipendio</span> <span class='ocrx_word' id='word_1_183' title='bbox 384 2139 454 2196; x_wconf 87' lang='lat' dir='ltr'>opus</span> <span class='ocrx_word' id='word_1_184' title='bbox 467 2131 548 2188; x_wconf 88' lang='lat' dir='ltr'>esset,</span> <span class='ocrx_word' id='word_1_185' title='bbox 569 2139 667 2195; x_wconf 91' lang='lat' dir='ltr'>resque</span> <span class='ocrx_word' id='word_1_186' title='bbox 685 2117 799 2174; x_wconf 88' lang='lat' dir='ltr'>militiae</span> <span class='ocrx_word' id='word_1_187' title='bbox 814 2117 852 2175; x_wconf 91' lang='lat' dir='ltr'>ita</span> <span class='ocrx_word' id='word_1_188' title='bbox 865 2135 994 2194; x_wconf 87' lang='lat' dir='ltr'>prospare</span> 
     </span>
     <span class='ocr_line' id='line_1_25' title="bbox 59 2195 994 2273; baseline -0.001 -19"><span class='ocrx_word' id='word_1_189' title='bbox 59 2211 222 2271; x_wconf 79' lang='lat' dir='ltr'>gererentur,</span> <span class='ocrx_word' id='word_1_190' title='bbox 236 2211 269 2256; x_wconf 89' lang='lat' dir='ltr'>ut</span> <span class='ocrx_word' id='word_1_191' title='bbox 281 2199 358 2256; x_wconf 88' lang='lat' dir='ltr'>nullo</span> <span class='ocrx_word' id='word_1_192' title='bbox 370 2199 445 2256; x_wconf 91' lang='lat' dir='ltr'>bello</span> <span class='ocrx_word' id='word_1_193' title='bbox 459 2199 597 2256; x_wconf 84' lang='lat' dir='ltr'>veniretur</span> <span class='ocrx_word' id='word_1_194' title='bbox 609 2200 645 2256; x_wconf 88' lang='lat' dir='ltr'>ad</span> <span class='ocrx_word' id='word_1_195' title='bbox 659 2198 763 2256; x_wconf 87' lang='lat' dir='ltr'>exitum</span> <span class='ocrx_word' id='word_1_196' title='bbox 775 2198 834 2273; x_wconf 88' lang='lat' dir='ltr'>spei</span> <span class='ocrx_word' id='word_1_197' title='bbox 846 2200 866 2253; x_wconf 75' lang='lat'>².</span> <span class='ocrx_word' id='word_1_198' title='bbox 907 2195 994 2254; x_wconf 83' lang='lat' dir='ltr'>Nam·</span> 
     </span>
     <span class='ocr_line' id='line_1_26' title="bbox 60 2277 996 2355; baseline -0.001 -21"><span class='ocrx_word' id='word_1_199' title='bbox 60 2297 107 2351; x_wconf 89' lang='lat' dir='ltr'>que</span> <span class='ocrx_word' id='word_1_200' title='bbox 120 2278 201 2355; x_wconf 87' lang='lat' dir='ltr'>Vejis</span> <span class='ocrx_word' id='word_1_201' title='bbox 214 2293 311 2346; x_wconf 86' lang='lat' dir='ltr'>castra,</span> <span class='ocrx_word' id='word_1_202' title='bbox 323 2297 393 2353; x_wconf 83' lang='lat' dir='ltr'>quae</span> <span class='ocrx_word' id='word_1_203' title='bbox 402 2279 502 2336; x_wconf 88' lang='lat' dir='ltr'>amissa</span> <span class='ocrx_word' id='word_1_204' title='bbox 514 2289 600 2346; x_wconf 83' lang='lat' dir='ltr'>erant,</span> <span class='ocrx_word' id='word_1_205' title='bbox 615 2287 775 2354; x_wconf 85' lang='lat' dir='ltr'>recuperata</span> <span class='ocrx_word' id='word_1_206' title='bbox 784 2277 903 2335; x_wconf 86' lang='lat' dir='ltr'>castellis</span> <span class='ocrx_word' id='word_1_207' title='bbox 916 2295 996 2352; x_wconf 87' lang='lat' dir='ltr'>praa·</span> 
     </span>
     <span class='ocr_line' id='line_1_27' title="bbox 60 2356 1076 2434; baseline 0.002 -24"><span class='ocrx_word' id='word_1_208' title='bbox 60 2357 189 2434; x_wconf 83' lang='lat' dir='ltr'>sidiieque</span> <span class='ocrx_word' id='word_1_209' title='bbox 201 2359 353 2416; x_wconf 83' lang='lat' dir='ltr'>firmantur.</span> <span class='ocrx_word' id='word_1_210' title='bbox 393 2358 542 2416; x_wconf 88' lang='lat' dir='ltr'>Praeerant</span> <span class='ocrx_word' id='word_1_211' title='bbox 551 2358 652 2415; x_wconf 85' lang='lat' dir='ltr'>tribuni</span> <span class='ocrx_word' id='word_1_212' title='bbox 662 2358 778 2415; x_wconf 89' lang='lat' dir='ltr'>militum</span> <span class='ocrx_word' id='word_1_213' title='bbox 793 2356 846 2416; x_wconf 88' lang='grc' dir='ltr'>Μ’.</span> <span class='ocrx_word' id='word_1_214' title='bbox 858 2356 996 2414; x_wconf 88' lang='lat' dir='ltr'>Aemilius</span> <span class='ocrx_word' id='word_1_215' title='bbox 1074 2424 1076 2430; x_wconf 20' lang='lat' dir='ltr'><em>s</em></span> 
     </span>
     <span class='ocr_line' id='line_1_28' title="bbox 59 2435 996 2506; baseline 0 -14"><span class='ocrx_word' id='word_1_216' title='bbox 59 2447 84 2493; x_wconf 83' lang='lat' dir='ltr'>et</span> <span class='ocrx_word' id='word_1_217' title='bbox 96 2435 132 2493; x_wconf 88' lang='lat' dir='ltr'>K.</span> <span class='ocrx_word' id='word_1_218' title='bbox 148 2437 261 2495; x_wconf 83' lang='lat' dir='ltr'>Fabius.</span> <span class='ocrx_word' id='word_1_219' title='bbox 300 2437 345 2494; x_wconf 88' lang='lat' dir='ltr'>M.</span> <span class='ocrx_word' id='word_1_220' title='bbox 362 2436 447 2495; x_wconf 88' lang='lat' dir='ltr'>Furio</span> <span class='ocrx_word' id='word_1_221' title='bbox 459 2437 488 2494; x_wconf 89' lang='lat' dir='ltr'>in</span> <span class='ocrx_word' id='word_1_222' title='bbox 503 2437 625 2506; x_wconf 84' lang='lat' dir='ltr'>Faliscis,</span> <span class='ocrx_word' id='word_1_223' title='bbox 644 2449 673 2496; x_wconf 87' lang='lat' dir='ltr'>et</span> <span class='ocrx_word' id='word_1_224' title='bbox 687 2437 739 2496; x_wconf 87' lang='lat' dir='ltr'>Cu.</span> <span class='ocrx_word' id='word_1_225' title='bbox 754 2437 885 2496; x_wconf 87' lang='lat' dir='ltr'>Cornelio</span> <span class='ocrx_word' id='word_1_226' title='bbox 897 2438 925 2493; x_wconf 91' lang='lat' dir='ltr'>in</span> <span class='ocrx_word' id='word_1_227' title='bbox 941 2436 996 2494; x_wconf 89' lang='lat' dir='ltr'>Ca·</span> 
     </span>
     <span class='ocr_line' id='line_1_29' title="bbox 59 2515 994 2594; baseline 0 -22"><span class='ocrx_word' id='word_1_228' title='bbox 59 2527 152 2589; x_wconf 88' lang='lat' dir='ltr'>penate</span> <span class='ocrx_word' id='word_1_229' title='bbox 166 2535 234 2591; x_wconf 85' lang='lat' dir='ltr'>agro</span> <span class='ocrx_word' id='word_1_230' title='bbox 247 2515 341 2574; x_wconf 85' lang='lat' dir='ltr'>hostes</span> <span class='ocrx_word' id='word_1_231' title='bbox 350 2516 419 2572; x_wconf 90' lang='lat' dir='ltr'>nulli</span> <span class='ocrx_word' id='word_1_232' title='bbox 432 2527 509 2574; x_wconf 83' lang='lat' dir='ltr'>extra</span> <span class='ocrx_word' id='word_1_233' title='bbox 519 2519 628 2575; x_wconf 84' lang='lat' dir='ltr'>moenia</span> <span class='ocrx_word' id='word_1_234' title='bbox 637 2518 757 2575; x_wconf 87' lang='lat' dir='ltr'>inventi:</span> <span class='ocrx_word' id='word_1_235' title='bbox 777 2517 895 2594; x_wconf 82' lang='lat' dir='ltr'>praedae</span> <span class='ocrx_word' id='word_1_236' title='bbox 908 2527 994 2582; x_wconf 83' lang='lat' dir='ltr'>actae,</span> 
     </span>
     <span class='ocr_line' id='line_1_30' title="bbox 59 2595 996 2673; baseline 0.001 -22"><span class='ocrx_word' id='word_1_237' title='bbox 59 2595 243 2671; x_wconf 78' lang='lat' dir='ltr'>incendiisque</span> <span class='ocrx_word' id='word_1_238' title='bbox 253 2596 378 2653; x_wconf 86' lang='lat' dir='ltr'>villarum</span> <span class='ocrx_word' id='word_1_239' title='bbox 387 2615 420 2653; x_wconf 92' lang='lat' dir='ltr'>ac</span> <span class='ocrx_word' id='word_1_240' title='bbox 432 2596 542 2672; x_wconf 78' lang='lat' dir='ltr'>frugum</span> <span class='ocrx_word' id='word_1_241' title='bbox 553 2598 650 2655; x_wconf 83' lang='lat' dir='ltr'>vastati</span> <span class='ocrx_word' id='word_1_242' title='bbox 660 2597 747 2654; x_wconf 84' lang='lat' dir='ltr'>fin&#39;oe:</span> <span class='ocrx_word' id='word_1_243' title='bbox 768 2597 869 2673; x_wconf 92' lang='lat' dir='ltr'>oppida</span> <span class='ocrx_word' id='word_1_244' title='bbox 882 2613 934 2653; x_wconf 85' lang='lat' dir='ltr'>nec</span> <span class='ocrx_word' id='word_1_245' title='bbox 946 2613 996 2671; x_wconf 91' lang='lat' dir='ltr'>op·</span> 
     </span>
     <span class='ocr_line' id='line_1_31' title="bbox 58 2675 996 2752; baseline 0.002 -22"><span class='ocrx_word' id='word_1_246' title='bbox 58 2687 184 2750; x_wconf 79' lang='lat' dir='ltr'>pugnata,</span> <span class='ocrx_word' id='word_1_247' title='bbox 205 2693 257 2732; x_wconf 89' lang='lat' dir='ltr'>nec</span> <span class='ocrx_word' id='word_1_248' title='bbox 277 2675 389 2732; x_wconf 83' lang='lat' dir='ltr'>obsessa</span> <span class='ocrx_word' id='word_1_249' title='bbox 406 2689 479 2733; x_wconf 88' lang='lat' dir='ltr'>sunt.</span> <span class='ocrx_word' id='word_1_250' title='bbox 520 2677 563 2733; x_wconf 88' lang='lat' dir='ltr'>At</span> <span class='ocrx_word' id='word_1_251' title='bbox 571 2678 599 2734; x_wconf 89' lang='lat' dir='ltr'>iu</span> <span class='ocrx_word' id='word_1_252' title='bbox 610 2677 726 2744; x_wconf 86' lang='lat' dir='ltr'>Volscis,</span> <span class='ocrx_word' id='word_1_253' title='bbox 741 2676 908 2752; x_wconf 86' lang='lat' dir='ltr'>depopulato</span> <span class='ocrx_word' id='word_1_254' title='bbox 921 2693 996 2750; x_wconf 76' lang='lat' dir='ltr'>agro,</span> 
     </span>
     <span class='ocr_line' id='line_1_32' title="bbox 59 2755 996 2832; baseline 0.001 -23"><span class='ocrx_word' id='word_1_255' title='bbox 59 2755 156 2811; x_wconf 81' lang='lat' dir='ltr'>Anxur</span> <span class='ocrx_word' id='word_1_256' title='bbox 177 2755 360 2830; x_wconf 85' lang='lat' dir='ltr'>nequicquam</span> <span class='ocrx_word' id='word_1_257' title='bbox 380 2767 577 2831; x_wconf 79' lang='lat' dir='ltr'>oppugnatum,</span> <span class='ocrx_word' id='word_1_258' title='bbox 598 2756 660 2813; x_wconf 93' lang='lat' dir='ltr'>loco</span> <span class='ocrx_word' id='word_1_259' title='bbox 672 2757 728 2813; x_wconf 87' lang='lat' dir='ltr'>ulto</span> <span class='ocrx_word' id='word_1_260' title='bbox 741 2756 843 2822; x_wconf 85' lang='lat' dir='ltr'>situm;</span> <span class='ocrx_word' id='word_1_261' title='bbox 863 2767 900 2820; x_wconf 89' lang='lat' dir='ltr'>et,</span> <span class='ocrx_word' id='word_1_262' title='bbox 920 2769 996 2832; x_wconf 86' lang='lat' dir='ltr'>post·</span> 
     </span>
     <span class='ocr_line' id='line_1_33' title="bbox 59 2833 996 2912; baseline 0.001 -23"><span class='ocrx_word' id='word_1_263' title='bbox 59 2851 137 2907; x_wconf 84' lang='lat' dir='ltr'>quum</span> <span class='ocrx_word' id='word_1_264' title='bbox 146 2833 188 2890; x_wconf 90' lang='lat' dir='ltr'>ris</span> <span class='ocrx_word' id='word_1_265' title='bbox 201 2834 278 2890; x_wconf 90' lang='lat' dir='ltr'>irrita</span> <span class='ocrx_word' id='word_1_266' title='bbox 290 2845 358 2901; x_wconf 87' lang='lat' dir='ltr'>erat,</span> <span class='ocrx_word' id='word_1_267' title='bbox 367 2834 437 2890; x_wconf 87' lang='lat' dir='ltr'>vallo</span> <span class='ocrx_word' id='word_1_268' title='bbox 448 2835 575 2910; x_wconf 80' lang='lat' dir='ltr'>loestique</span> <span class='ocrx_word' id='word_1_269' title='bbox 583 2834 702 2892; x_wconf 87' lang='lat' dir='ltr'>obsideri</span> <span class='ocrx_word' id='word_1_270' title='bbox 713 2847 851 2912; x_wconf 87' lang='lat' dir='ltr'>coeptum.</span> <span class='ocrx_word' id='word_1_271' title='bbox 882 2835 996 2892; x_wconf 87' lang='lat' dir='ltr'>Valerio</span> 
     </span>
     <span class='ocr_line' id='line_1_34' title="bbox 60 2909 997 2989; baseline 0.004 -23"><span class='ocrx_word' id='word_1_272' title='bbox 60 2909 151 2971; x_wconf 91' lang='lat' dir='ltr'>Potito</span> <span class='ocrx_word' id='word_1_273' title='bbox 165 2912 260 2970; x_wconf 84' lang='lat' dir='ltr'>Volsci</span> <span class='ocrx_word' id='word_1_274' title='bbox 271 2911 431 2989; x_wconf 83' lang='lat' dir='ltr'>provincia³</span> <span class='ocrx_word' id='word_1_275' title='bbox 445 2926 581 2972; x_wconf 79' lang='lat' dir='ltr'>evenerat.</span> <span class='ocrx_word' id='word_1_276' title='bbox 622 2913 688 2972; x_wconf 85' lang='lat' dir='ltr'>Hoc</span> <span class='ocrx_word' id='word_1_277' title='bbox 698 2925 771 2972; x_wconf 86' lang='lat' dir='ltr'>statu</span> <span class='ocrx_word' id='word_1_278' title='bbox 781 2913 939 2972; x_wconf 87' lang='lat' dir='ltr'>militarium</span> <span class='ocrx_word' id='word_1_279' title='bbox 954 2933 997 2970; x_wconf 90' lang='lat' dir='ltr'>re·</span> 
     </span>
     <span class='ocr_line' id='line_1_35' title="bbox 59 2991 997 3070; baseline 0.004 -24"><span class='ocrx_word' id='word_1_280' title='bbox 59 3009 126 3060; x_wconf 89' lang='lat' dir='ltr'>rum,</span> <span class='ocrx_word' id='word_1_281' title='bbox 141 2992 243 3050; x_wconf 89' lang='lat' dir='ltr'>seditio</span> <span class='ocrx_word' id='word_1_282' title='bbox 256 2991 386 3049; x_wconf 83' lang='lat' dir='ltr'>intestina</span> <span class='ocrx_word' id='word_1_283' title='bbox 399 2992 502 3070; x_wconf 87' lang='lat' dir='ltr'>majore</span> <span class='ocrx_word' id='word_1_284' title='bbox 516 2994 589 3050; x_wconf 92' lang='lat' dir='ltr'>mole</span> <span class='ocrx_word' id='word_1_285' title='bbox 602 3007 704 3061; x_wconf 86' lang='lat' dir='ltr'>coorta,</span> <span class='ocrx_word' id='word_1_286' title='bbox 718 2993 800 3068; x_wconf 75' lang='lat' dir='ltr'>quam</span> <span class='ocrx_word' id='word_1_287' title='bbox 814 2995 885 3052; x_wconf 91' lang='lat' dir='ltr'>bella</span> <span class='ocrx_word' id='word_1_288' title='bbox 898 3006 997 3051; x_wconf 89' lang='lat' dir='ltr'>tracta-</span> 
     </span>
     <span class='ocr_line' id='line_1_36' title="bbox 60 3069 996 3150; baseline 0.006 -26"><span class='ocrx_word' id='word_1_289' title='bbox 60 3069 164 3128; x_wconf 87' lang='lat' dir='ltr'>bantur.</span> <span class='ocrx_word' id='word_1_290' title='bbox 205 3071 252 3137; x_wconf 84' lang='lat' dir='ltr'>Et,</span> <span class='ocrx_word' id='word_1_291' title='bbox 268 3089 353 3146; x_wconf 88' lang='lat' dir='ltr'>quum</span> <span class='ocrx_word' id='word_1_292' title='bbox 364 3071 497 3129; x_wconf 85' lang='lat' dir='ltr'>tributum</span> <span class='ocrx_word' id='word_1_293' title='bbox 508 3073 623 3130; x_wconf 88' lang='lat' dir='ltr'>conferri</span> <span class='ocrx_word' id='word_1_294' title='bbox 637 3091 687 3150; x_wconf 88' lang='lat' dir='ltr'>per</span> <span class='ocrx_word' id='word_1_295' title='bbox 696 3075 820 3131; x_wconf 82' lang='lat' dir='ltr'>tribunos</span> <span class='ocrx_word' id='word_1_296' title='bbox 829 3093 883 3132; x_wconf 90' lang='lat' dir='ltr'>nou</span> <span class='ocrx_word' id='word_1_297' title='bbox 894 3088 996 3150; x_wconf 90' lang='lat' dir='ltr'>posset,</span> 
     </span>
     <span class='ocr_line' id='line_1_37' title="bbox 59 3147 997 3230; baseline 0.006 -26"><span class='ocrx_word' id='word_1_298' title='bbox 59 3167 107 3206; x_wconf 88' lang='lat' dir='ltr'>nec</span> <span class='ocrx_word' id='word_1_299' title='bbox 126 3151 295 3228; x_wconf 89' lang='lat' dir='ltr'>stipendium</span> <span class='ocrx_word' id='word_1_300' title='bbox 315 3151 525 3228; x_wconf 85' lang='lat' dir='ltr'>imperatoribus</span> <span class='ocrx_word' id='word_1_301' title='bbox 544 3147 709 3221; x_wconf 85' lang='lat' dir='ltr'>mitteretur,</span> <span class='ocrx_word' id='word_1_302' title='bbox 733 3171 849 3230; x_wconf 86' lang='lat' dir='ltr'>aereque</span> <span class='ocrx_word' id='word_1_303' title='bbox 870 3153 997 3210; x_wconf 89' lang='lat' dir='ltr'>militaria</span> 
     </span>
    </p>
   </div>
   <div class='ocr_carea' id='block_1_4' title="bbox 61 3296 1073 3636">
    <p class='ocr_par' dir='ltr' id='par_1_5' title="bbox 61 3296 1073 3636">
     <span class='ocr_line' id='line_1_38' title="bbox 92 3296 999 3362; baseline 0.002 -17"><span class='ocrx_word' id='word_1_304' title='bbox 92 3296 99 3325; x_wconf 88' lang='lat'><strong>¹</strong></span> <span class='ocrx_word' id='word_1_305' title='bbox 118 3297 253 3345; x_wconf 83' lang='lat' dir='ltr'>Someread</span> <span class='ocrx_word' id='word_1_306' title='bbox 262 3303 365 3362; x_wconf 79' lang='lat' dir='ltr'>pavoris,</span> <span class='ocrx_word' id='word_1_307' title='bbox 383 3313 408 3345; x_wconf 82' lang='lat' dir='ltr'>us</span> <span class='ocrx_word' id='word_1_308' title='bbox 420 3297 539 3362; x_wconf 79' lang='lat' dir='ltr'>governed</span> <span class='ocrx_word' id='word_1_309' title='bbox 551 3299 583 3362; x_wconf 87' lang='lat' dir='ltr'>by</span> <span class='ocrx_word' id='word_1_310' title='bbox 591 3304 707 3362; x_wconf 80' lang='lat' dir='ltr'>plenum:</span> <span class='ocrx_word' id='word_1_311' title='bbox 727 3303 806 3350; x_wconf 84' lang='lat' dir='ltr'>others</span> <span class='ocrx_word' id='word_1_312' title='bbox 814 3311 919 3350; x_wconf 79' lang='lat' dir='ltr'>&#39;account</span> <span class='ocrx_word' id='word_1_313' title='bbox 930 3301 968 3350; x_wconf 81' lang='lat' dir='ltr'>l&#39;or</span> <span class='ocrx_word' id='word_1_314' title='bbox 979 3297 999 3348; x_wconf 78' lang='lat' dir='ltr'>it&#39;</span> 
     </span>
     <span class='ocr_line' id='line_1_39' title="bbox 61 3365 1073 3428; baseline 0.004 -18"><span class='ocrx_word' id='word_1_315' title='bbox 61 3377 84 3410; x_wconf 82' lang='lat' dir='ltr'>ae</span> <span class='ocrx_word' id='word_1_316' title='bbox 96 3379 110 3410; x_wconf 86' lang='lat' dir='ltr'>a</span> <span class='ocrx_word' id='word_1_317' title='bbox 120 3366 213 3428; x_wconf 83' lang='lat' dir='ltr'>change</span> <span class='ocrx_word' id='word_1_318' title='bbox 222 3365 252 3412; x_wconf 81' lang='lat' dir='ltr'>of</span> <span class='ocrx_word' id='word_1_319' title='bbox 259 3365 430 3414; x_wconf 86' lang='lat' dir='ltr'>construction.</span> <span class='ocrx_word' id='word_1_320' title='bbox 469 3367 493 3416; x_wconf 91' lang='lat' dir='ltr'>lt</span> <span class='ocrx_word' id='word_1_321' title='bbox 504 3381 580 3414; x_wconf 83' lang='lat' dir='ltr'>seems</span> <span class='ocrx_word' id='word_1_322' title='bbox 592 3371 659 3416; x_wconf 87' lang='lat' dir='ltr'>tube</span> <span class='ocrx_word' id='word_1_323' title='bbox 672 3371 712 3417; x_wconf 89' lang='lat' dir='ltr'>the</span> <span class='ocrx_word' id='word_1_324' title='bbox 724 3369 825 3416; x_wconf 85' lang='lat' dir='ltr'>ablntive</span> <span class='ocrx_word' id='word_1_325' title='bbox 837 3371 866 3416; x_wconf 85' lang='lat' dir='ltr'>of</span> <span class='ocrx_word' id='word_1_326' title='bbox 878 3371 918 3416; x_wconf 89' lang='lat' dir='ltr'>the</span> <span class='ocrx_word' id='word_1_327' title='bbox 929 3383 999 3416; x_wconf 88' lang='lat' dir='ltr'>man.</span> <span class='ocrx_word' id='word_1_328' title='bbox 1069 3373 1073 3382; x_wconf 89' lang='grc'><strong>’</strong></span> 
     </span>
     <span class='ocr_line' id='line_1_40' title="bbox 62 3429 1000 3498; baseline 0.004 -22"><span class='ocrx_word' id='word_1_329' title='bbox 62 3443 110 3478; x_wconf 86' lang='lat' dir='ltr'>ner.</span> <span class='ocrx_word' id='word_1_330' title='bbox 183 3429 193 3457; x_wconf 85' lang='lat'><strong>¹</strong></span> <span class='ocrx_word' id='word_1_331' title='bbox 207 3437 304 3498; x_wconf 81' lang='lat' dir='ltr'>Resque,</span> <span class='ocrx_word' id='word_1_332' title='bbox 315 3435 360 3481; x_wconf 78' lang='lat' dir='ltr'>dec.</span> <span class='ocrx_word' id='word_1_333' title='bbox 400 3433 456 3482; x_wconf 82' lang='lat' dir='ltr'>And</span> <span class='ocrx_word' id='word_1_334' title='bbox 472 3436 513 3482; x_wconf 90' lang='lat' dir='ltr'>the</span> <span class='ocrx_word' id='word_1_335' title='bbox 525 3435 629 3496; x_wconf 85' lang='lat' dir='ltr'>military</span> <span class='ocrx_word' id='word_1_336' title='bbox 640 3437 781 3495; x_wconf 86' lang='lat' dir='ltr'>enterprises</span> <span class='ocrx_word' id='word_1_337' title='bbox 792 3451 853 3484; x_wconf 83' lang='lat' dir='ltr'>were</span> <span class='ocrx_word' id='word_1_338' title='bbox 864 3435 1000 3483; x_wconf 87' lang='lat' dir='ltr'>conducted</span> 
     </span>
     <span class='ocr_line' id='line_1_41' title="bbox 62 3499 1000 3565; baseline 0.002 -19"><span class='ocrx_word' id='word_1_339' title='bbox 62 3499 116 3546; x_wconf 74' lang='lat' dir='ltr'>nith</span> <span class='ocrx_word' id='word_1_340' title='bbox 127 3515 230 3556; x_wconf 86' lang='lat' dir='ltr'>success,</span> <span class='ocrx_word' id='word_1_341' title='bbox 242 3503 286 3548; x_wconf 92' lang='lat' dir='ltr'>but</span> <span class='ocrx_word' id='word_1_342' title='bbox 296 3512 336 3563; x_wconf 84' lang='lat' dir='ltr'>yet</span> <span class='ocrx_word' id='word_1_343' title='bbox 347 3517 382 3558; x_wconf 84' lang='lat' dir='ltr'>so,</span> <span class='ocrx_word' id='word_1_344' title='bbox 394 3503 445 3550; x_wconf 88' lang='lat' dir='ltr'>tlrat</span> <span class='ocrx_word' id='word_1_345' title='bbox 455 3501 481 3549; x_wconf 93' lang='lat' dir='ltr'>in</span> <span class='ocrx_word' id='word_1_346' title='bbox 493 3513 556 3548; x_wconf 85' lang='lat' dir='ltr'>none</span> <span class='ocrx_word' id='word_1_347' title='bbox 568 3502 597 3550; x_wconf 85' lang='lat' dir='ltr'>of</span> <span class='ocrx_word' id='word_1_348' title='bbox 604 3504 650 3549; x_wconf 89' lang='lat' dir='ltr'>&#39;tbe</span> <span class='ocrx_word' id='word_1_349' title='bbox 663 3519 723 3550; x_wconf 85' lang='lat' dir='ltr'>wars</span> <span class='ocrx_word' id='word_1_350' title='bbox 734 3518 795 3550; x_wconf 82' lang='lat' dir='ltr'>were</span> <span class='ocrx_word' id='word_1_351' title='bbox 812 3501 873 3552; x_wconf 88' lang='lat' dir='ltr'>their</span> <span class='ocrx_word' id='word_1_352' title='bbox 887 3513 1000 3565; x_wconf 82' lang='lat' dir='ltr'>expecta-</span> 
     </span>
     <span class='ocr_line' id='line_1_42' title="bbox 64 3567 756 3636; baseline 0.012 -25"><span class='ocrx_word' id='word_1_353' title='bbox 64 3567 126 3616; x_wconf 85' lang='lat' dir='ltr'>tione</span> <span class='ocrx_word' id='word_1_354' title='bbox 136 3570 243 3636; x_wconf 78' lang='lat' dir='ltr'>brought</span> <span class='ocrx_word' id='word_1_355' title='bbox 254 3579 322 3617; x_wconf 84' lang='lat' dir='ltr'>to-an</span> <span class='ocrx_word' id='word_1_356' title='bbox 333 3567 405 3617; x_wconf 81' lang='lat' dir='ltr'>issue.</span> <span class='ocrx_word' id='word_1_357' title='bbox 474 3569 483 3598; x_wconf 80' lang='lat'><strong>¹</strong></span> <span class='ocrx_word' id='word_1_358' title='bbox 499 3567 544 3617; x_wconf 83' lang='lat' dir='ltr'>See</span> <span class='ocrx_word' id='word_1_359' title='bbox 555 3586 578 3632; x_wconf 90' lang='lat' dir='ltr'>p.</span> <span class='ocrx_word' id='word_1_360' title='bbox 596 3568 651 3629; x_wconf 84' lang='lat'>115,</span> <span class='ocrx_word' id='word_1_361' title='bbox 664 3579 720 3619; x_wconf 85' lang='lat' dir='ltr'>note</span> <span class='ocrx_word' id='word_1_362' title='bbox 732 3569 756 3619; x_wconf 85' lang='grc'>3.</span> 
     </span>
    </p>
   </div>
   <div class='ocr_carea' id='block_1_5' title="bbox 0 0 1123 3862">
    <p class='ocr_par' dir='ltr' id='par_1_6' title="bbox 0 0 1123 3862">
     <span class='ocr_line' id='line_1_43' title="bbox 0 0 1123 3862; baseline 0 0"><span class='ocrx_word' id='word_1_363' title='bbox 0 0 1123 3862; x_wconf 95' lang='lat' dir='ltr'> </span> 
     </span>
    </p>
   </div>
  </div>
 </body>
</html>
