2224 3862
119 233 179 292 256
492 231 532 291 T.
552 229 672 291 lell‘

118 409 182 452 nem
197 409 213 450 e
226 391 321 450 castris
331 391 359 448 in
369 393 491 468 trepidos
496 393 554 470 jam
565 392 657 450 hostes
664 393 775 450 fecerat.
814 389 951 450 Dictator
960 404 1070 462 antem,

119 485 197 549 parte
216 473 302 530 altera
321 470 442 530 subsidia
465 486 494 531 et
512 473 660 530 secundam
681 472 770 530 aciem
792 471 915 539 adortus,
944 472 1071 530 circum·

118 551 250 628 agentise
258 553 293 622 qd
304 551 428 609 dissonos
438 553 569 610 clamores
583 571 616 609 ec
629 551 735 609 subitos
745 551 881 608 tumultus
892 551 971 608 hosti
987 553 1072 608 undi-

119 627 173 706 que
190 629 328 708 objecerat
347 629 477 688 victorem
498 631 619 708 peditem
640 632 825 706 equitemque.
869 630 1073 689 Circumventi

119 712 204 786 igitur
214 709 274 787 jam
293 711 322 766 in
342 712 434 768 medio
453 712 489 768 ad
510 731 595 768 unum
615 730 711 768 omnes
723 729 827 786 poenas
839 709 1009 767 rebellionis
1023 712 1071 768 de·

119 792 232 856 dissent,
252 790 282 846 ui
302 789 416 847 Vectius
436 789 559 847 Messius
578 811 614 848 ex
636 790 752 856 Volscis,
773 787 892 846 nobilior
913 789 1072 859 vitiantis,

118 869 199 1006 qqppu
213 889 322 1006 genepe,
332 869 391 962 jam
405 871 498 928 orbem
512 871 652 1005 volventeq
665 889 729 1004 supe
742 869 885 945 increpans
898 869 977 1006 alapia
984 889 1070 1006 fvoce,

120 957 128 984 ‘
237 969 282 1006 rae
302 948 383 1006 rtun'
404 949 431 1006 in
451 949 493 1006 uit
524 957 594 1006 ‘vos
652 949 676 1006 is
712 949 813 1006 ostium
833 948 900 1006 estis
913 949 942 1004 iu
967 969 983 1006 e
1018 951 1060 1006 usi

118 967 244 1086 ‘inultip?
266 1029 342 1092 Quid
361 969 451 1104 i'gitull
465 991 539 1087 arlne
559 963 687 1086 tuellis?
708 1041 756 1086 eut
775 1027 841 1103 quid
860 1029 934 1085 ultro
957 971 1069 1086 belluni

118 1107 285 1176 ‘intulistis;
306 1109 334 1164 io
351 1109 409 1166 otio
431 1108 602 1176 tumultuosi,
626 1110 655 1164 in
675 1107 747 1165 bello
768 1108 887 1182 segnes?
915 1107 1000 1171 Quid
1026 1109 1069 1168 hlc

118 1195 126 1223 ‘
140 1189 275 1245 stantibus
288 1188 347 1264 spei
361 1188 427 1245 est?
447 1207 482 1245 aa
496 1187 591 1245 Deum
602 1188 720 1262 aliquem
729 1199 916 1264 protecturum
927 1205 992 1256 vos,
1004 1208 1068 1265 rap·
1106 1257 1107 1260 Ἴ

117 1275 125 1302 ‘
139 1280 287 1343 turumque
307 1267 371 1324 hino
383 1267 510 1345 putatis?
529 1267 613 1326 Ferro
626 1268 671 1324 via
684 1267 808 1324 facienda
821 1278 872 1324 est.
913 1265 993 1331 Hac,
1012 1269 1067 1344 quia

117 1355 125 1382 ⁸
140 1365 185 1404 me
198 1366 388 1424 praegressum
402 1347 533 1415 videritis,
547 1347 630 1423 agite,
645 1347 692 1422 qui
705 1345 790 1403 visuri
803 1345 908 1414 domos,
919 1361 1066 1422 parentes,

118 1426 279 1502 ‘conjuges
292 1425 391 1482 liberos
404 1427 478 1494 estis,
492 1427 531 1484 ite
542 1445 659 1484 mecum.
700 1425 1064 1496 Nonmurus,uecvallum,
1106 1469 1107 1490 2

117 1513 125 1540 ‘
138 1506 188 1562 sed
199 1505 298 1566 armati
310 1505 421 1562 armatis
432 1507 549 1563 obstent.
589 1505 700 1563 Virtute
707 1523 795 1581 pares,
804 1504 979 1574 necessitate,
989 1525 1064 1580 quae

117 1583 267 1640 ‘ultimum
287 1603 319 1641 uc
339 1585 490 1642 maximum
507 1585 593 1642 telum
613 1597 664 1652 est,
684 1583 839 1661 superiores
852 1583 935 1654 estis!
977 1583 1064 1644 Haec

115 1664 239 1720 locutum
258 1675 508 1738 exsequentemque
529 1664 602 1722 dicta
620 1665 805 1740 redintegrato
825 1662 946 1721 clamore
960 1665 1062 1734 secuti,
1106 1671 1107 1674 ’

115 1743 183 1800 dant
195 1743 412 1819 impressionem,
426 1743 480 1818 qua
491 1743 650 1801 Postumius
664 1745 754 1800 Albus
765 1741 891 1802 cohortes
900 1741 1060 1820 objecerat:
1106 1769 1107 1800 ι

116 1835 145 1880 et
163 1833 309 1880 movemnt
328 1822 469 1892 victorem,
490 1823 578 1880 donec
596 1823 721 1890 dictetur,
735 1823 834 1900 pedem
842 1821 902 1903 jam
916 1824 1060 1882 referenti·
1106 1819 1107 1880 ζ

115 1903 167 1960 bus
187 1901 252 1970 suis,
273 1902 401 1960 advenit:
421 1903 510 1977 elque
529 1901 611 1960 omne
627 1902 761 1979 proelium
776 1921 884 1960 versum
906 1914 958 1959 est.
1000 1903 1058 1962 Uni
1106 1935 1107 1966 2

115 1981 174 2039 viro
194 1980 302 2039 Messio
315 1981 424 2039 fortuna
438 1979 559 2038 hostium
572 1982 706 2039 innititur.
746 1979 840 2038 Multa
852 1980 982 2056 utrinque
999 1983 1057 2038 vul·

114 2080 188 2127 nera,
210 2061 296 2120 multa
315 2061 415 2138 passim
436 2062 534 2119 caedes
554 2073 605 2118 est.
644 2061 709 2120 Jam
722 2079 757 2118 ue
771 2061 856 2118 duces
869 2062 981 2136 quidem
996 2061 1055 2118 Ro·
1106 2105 1107 2138 p

113 2141 187 2198 mani
207 2140 343 2198 incruenti
363 2153 493 2217 pugnant.
535 2139 616 2200 Unus
631 2139 798 2208 Postumius,
817 2140 889 2198 ictus
902 2160 979 2208 saxo,
992 2159 1053 2217 per·
1106 2143 1107 2160 ¹

113 2220 200 2278 fracto
220 2221 319 2296 capite,
339 2221 399 2278 acie
415 2218 542 2278 excessit.
583 2219 649 2276 Non
666 2220 828 2278 dictatorem
849 2218 981 2276 humerus
995 2220 1051 2276 rul-

112 2310 232 2366 neratus,
246 2319 302 2354 ιιοιι
315 2298 431 2356 Fabium
444 2301 530 2376 prope
538 2299 650 2356 affixum
661 2317 733 2374 equo
742 2299 839 2367 femur,
848 2319 904 2356 non
913 2298 1051 2358 brachium
1106 2311 1107 2328 ³

113 2377 262 2434 abscissum
277 2378 417 2435 consulem
431 2399 467 2435 ex
479 2391 534 2436 tam
548 2379 661 2456 ancipiti
674 2379 778 2456 proelio
791 2379 941 2436 submovit.

153 2455 263 2513 XXIX.
284 2455 422 2514 Messium
444 2458 563 2533 impetus
583 2478 634 2534 per
655 2471 755 2516 stratos
772 2460 857 2515 caede
877 2457 972 2516 hostes
990 2475 1049 2514 cum
1106 2453 1107 2470 ³

109 2535 196 2624 globo
216 2535 426 2593 fortissimorum
442 2535 576 2614 juvenum
600 2539 700 2596 extulit
718 2538 754 2595 ad
771 2549 859 2594 cestre
878 2537 1046 2603 Volscorum,
1106 2543 1107 2546 ’

112 2632 183 2690 qnae
201 2615 325 2672 nandum
344 2629 424 2692 capta
444 2629 529 2673 erant.
569 2613 677 2675 Eodem
698 2617 787 2674 omnis
805 2617 879 2674 acies
900 2617 1046 2674 inclinetur.
1106 2625 1107 2658 ἲ

114 2693 229 2762 Consul,
250 2693 351 2753 effusos
371 2715 459 2771 usque
478 2696 514 2753 ed
527 2696 626 2754 vellum
640 2709 809 2774 persecutus,
821 2696 883 2772 ipsa
895 2708 986 2754 castra
998 2694 1046 2752 val·

113 2771 227 2848 lamque
238 2773 406 2850 aggreditur.
447 2771 556 2833 Eddem
570 2789 598 2833 et
611 2776 729 2834 dictator
742 2776 797 2834 aliia
806 2788 885 2852 perte
899 2776 992 2852 copias
1004 2774 1045 2831 ad·

113 2864 215 2910 movet.
256 2853 320 2912 Non
341 2854 450 2930 segnior
472 2856 641 2930 oppugnatio
664 2869 715 2924 est,
736 2854 818 2930 quam
839 2875 934 2931 pugna
956 2856 1045 2912 fuerat

113 2939 121 2966 ‘
137 2931 288 2990 Consulem
296 2933 404 3009 siguum
416 2929 526 3010 qudque
534 2933 606 2992 iutra
615 2935 714 2992 vellum
723 2934 857 3012 injecisse'
867 2936 969 3002 lerunt,
982 2940 1046 3008 ‘quo

114 3019 123 3046 ⁶
136 3011 238 3068 milites
247 3011 336 3069 acrius
348 3013 489 3080 subirent3
508 3015 712 3090 repetendoque
720 3015 799 3090 siguo
812 3013 1045 3091 primaminrpres·
1106 3031 1107 3088 l

112 3089 365 3148 ‘sionemfactaml
387 3092 425 3150 Et
433 3093 557 3161 dictator,
566 3107 679 3169 proruto
687 3093 767 3161 vello,
772 3093 831 3170 jam
840 3093 867 3149 in
877 3105 967 3150 castra
975 3110 1046 3168 proe-
1106 3091 1107 3118 l

110 3169 178 3226 lium
192 3168 331 3226 intulerat.
371 3171 444 3228 Tum
458 3171 540 3246 abjici
548 3173 649 3248 passim
659 3193 743 3241 arma,
752 3193 785 3230 ac
795 3173 860 3230 dedi
869 3171 964 3230 hostes
972 3190 1047 3247 coep·

110 3249 141 3305 ti.
182 3247 341 3323 Castrisque
355 3248 439 3306 ethis
452 3251 548 3326 ceptis,
562 3250 663 3318 hostes,
676 3265 784 3328 praeter
796 3264 946 3319 senatores,
959 3268 1048 3308 omues

110 3326 271 3386 venumdati
290 3339 363 3384 suut.
403 3328 524 3386 Praedee
544 3349 606 3407 pars
625 3349 677 3388 sua
695 3331 924 3407 cognoscentibus
944 3328 1048 3386 Latinis

109 3417 192 3481 atque
206 3405 338 3463 Hernicis
354 3407 476 3474 reddita;
496 3422 602 3484 partem
621 3411 673 3466 sub
686 3408 765 3468 hasta
777 3411 896 3468 dictetur
909 3407 1046 3472 vendidita

106 3485 316 3561 praepositoque
335 3486 446 3542 consule
463 3488 565 3558 cestris,
585 3488 653 3564 ipsa,
673 3488 844 3564 triumphans
857 3489 983 3548 invectus
995 3505 1038 3542 ur·

105 3561 177 3633 bern,
192 3563 327 3623 dictatura
339 3583 369 3622 se
379 3565 523 3624 abdicavit.
564 3565 698 3646 Egregiae
709 3569 859 3628 dictaturae
868 3571 975 3626 tristem
983 3584 1039 3628 me,
