2230 3846
427 259 550 322 LIBER
570 261 625 322 111.
942 263 996 320 179

65 424 87 480 ai
104 423 216 482 comitia
236 422 282 480 Μ.
296 421 411 490 Volscii,
430 423 490 480 falsi
504 422 591 489 testis,
607 422 793 480 tenuisseut¹r
814 441 847 480 ea
860 441 894 480 ne
908 422 995 498 irnpe-

63 505 144 561 dirent
157 503 271 567 tribuni,
292 501 434 559 dictatoris
448 502 554 559 obstitit
566 515 666 558 metus.
707 501 837 560 Volscius
850 502 995 559 damnatus

63 581 211 639 Lanuvium
226 583 255 637 in
269 579 396 638 exsilium
407 581 482 638 abiit.
521 581 668 645 Quinctius
678 580 874 638 sextodecimo
884 581 995 638 diedic·

63 662 152 727 uturd,
173 661 203 718 in
220 679 271 716 sex
290 679 399 716 menses
418 660 540 736 acceptis,
560 679 590 716 se
610 659 754 718 abdicarit.
795 659 849 717 Per
868 680 915 718 eos
935 659 995 716 dies

62 740 151 797 consul
165 738 288 796 Nautius
301 739 337 795 ad
351 738 466 795 Eretum
480 759 544 796 cum
557 737 785 814 ¹Sabinisegregie
795 753 907 814 pugnat.
948 738 995 796 Ad

63 831 177 876 rastatos
197 837 278 892 agros
299 836 332 874 ea
351 837 460 892 quoque
480 817 571 875 clades
584 818 699 874 accessit
714 817 829 876 Sabinis.
870 817 997 874 Minucio

63 897 158 955 Fabius
171 897 296 960 Quintus
309 895 491 953 successor-iu
507 896 639 971 Algidum
654 896 762 954 missus.
803 895 936 954 Extremo
949 915 997 953 au·

4 1011 6 1016 ,
62 995 92 1034 no
110 977 249 1052 agitatum
266 975 301 1031 de
314 975 374 1050 lege
387 974 423 1032 ab
436 974 551 1032 tribunis
566 987 625 1041 est;
643 976 701 1044 sed,
715 976 779 1051 quia
792 975 848 1032 duo
861 975 998 1032 exercitus

63 1057 177 1122 aberam,
192 1074 229 1110 ne
238 1053 304 1128 quid
313 1055 428 1112 ferretur
437 1055 471 1111 ad
482 1054 624 1131 populum,
637 1054 731 1112 Patres
739 1068 861 1112 tenuere.
901 1053 1000 1110 Plebes

4 1181 5 1206 ,
62 1135 129 1202 vicit,
151 1147 185 1190 ut
206 1129 334 1208 quintrim
356 1134 466 1190 eosdem
487 1133 611 1189 tribunos
624 1145 755 1190 crearent.
797 1131 915 1208 ‘Lupus
929 1131 1000 1188 riam

63 1215 107 1270 ‘iu
125 1213 267 1288 Capitolio
280 1212 371 1268 ferunt
389 1231 406 1268 a
419 1211 531 1268 canibus
543 1213 668 1287 fugatos3
684 1213 719 1269 oh
732 1213 761 1269 id
774 1212 929 1288 prodigium
944 1211 999 1267 lus-

64 1299 183 1350 ‘tratum
201 1290 369 1366 Capitolium
384 1290 461 1347 esse!
502 1289 584 1348 Haec
595 1309 631 1347 ¹eo
644 1309 717 1347 auno
734 1303 821 1365 gesta.

200 1368 295 1426 XXX.
317 1368 475 1444 Sequuntur
494 1369 620 1426 consules
640 1369 675 1433 Q.
696 1369 839 1427 Minucius
854 1369 886 1427 C.
908 1368 999 1426 Hora·

4 1439 5 1522 J
64 1453 119 1556 {37⁰-
160 1449 218 1506 tius
240 1447 382 1506 Pulvillus.
423 1448 511 1526 Cujus
530 1448 609 1506 initio
628 1449 701 1514 anni,
721 1469 806 1526 quum
827 1448 897 1506 foris·
912 1449 999 1505 otium

109 1541 116 1554 ·
160 1539 245 1595 esset,
259 1527 333 1584 domi
344 1526 492 1584 seditiones
502 1527 585 1584 iidem
595 1527 706 1596 tribuni,
715 1529 811 1586 eadem
821 1527 999 1586 lexfaciebat.

4 1595 5 1624 ³
65 1608 241 1682 Ulteritisque
255 1619 366 1670 rentum
380 1606 459 1673 foret,
474 1605 559 1683 (adeo
572 1619 728 1664 exarserant
741 1606 864 1683 auimis,)
878 1607 915 1674 ui,
926 1607 1002 1664 velut

4 1725 5 1738 ι
66 1687 154 1744 dediti
167 1685 262 1762 operti,
277 1686 543 1761 ‘nocturnoimpetu
553 1685 714 1761 Aequorum
725 1686 862 1745 Corbione
870 1686 1001 1743 amissum

67 1763 261 1841 ‘praesidium'
282 1763 442 1820 nunciatum
463 1776 543 1822 esset
584 1765 715 1822 Senatum
742 1766 868 1823 consules
894 1777 1001 1822 vocant.

67 1844 203 1902 Jubentur
223 1843 386 1900 subitarium
406 1843 524 1900 scribere
544 1843 704 1910 exercitum,
724 1857 807 1919 etque
823 1845 850 1900 in
866 1843 1000 1918 Algidum

67 1924 171 1982 ducere.
213 1921 292 1988 Inde,
314 1921 403 1997 posito
423 1921 491 1996 legis
507 1923 664 1989 certamine,
684 1943 755 1980 uova
768 1924 803 1980 de
817 1922 926 1980 delectu
938 1942 1003 1979 cou-

68 2003 150 2060 tentio
168 2013 240 2058 orta.
280 2001 502 2076 Vincebaturque
522 2001 664 2058 consulare
687 2001 833 2078 imperium
857 1999 1003 2058 tribunicio

69 2081 175 2148 auxilio,
186 2099 272 2156 quum
283 2080 352 2137 alius
360 2080 471 2136 additur
480 2092 584 2136 terror:
605 2088 612 2114 ‘
625 2079 756 2137 Sabinum
765 2080 916 2136 exercitum
927 2098 1005 2154 prae·

71 2161 185 2218 ‘datum
206 2159 381 2216 descendisse
397 2158 425 2214 in
445 2177 525 2232 agras
545 2157 697 2224 Romanos,
718 2157 782 2214 inde
798 2159 833 2215 ud
847 2158 942 2214 urbem
959 2167 1003 2214 ve*

71 2239 162 2296 ‘nire'
206 2236 236 2294 Is
256 2251 346 2294 metus
365 2237 485 2314 perpulit
496 2237 516 2304 ²,
536 2249 568 2293 ut
590 2237 671 2293 scribi
690 2237 804 2294 militem
818 2235 922 2294 tribuni
935 2236 1006 2294 siue-

70 2331 141 2384 reut;
161 2335 220 2374 non
234 2317 293 2373 sine
306 2317 432 2392 pactione
446 2329 547 2382 tamen,
568 2324 576 2350 ⁴
590 2327 630 2381 ut,
645 2316 773 2390 quoniam
786 2316 840 2394 ipsi
853 2316 1007 2392 quinquen·

71 2397 164 2453 ‘nium
182 2395 252 2452 elusi
264 2408 365 2462 essent,
375 2413 544 2471 parvumque
557 2395 586 2450 id
599 2395 673 2471 plebi
686 2396 851 2469 praesidium
866 2395 945 2462 foret,
960 2397 1007 2453 de·

72 2483 150 2534 ‘cem
172 2475 274 2532 deinde
290 2475 393 2532 tribuni
412 2473 499 2549 plebis
519 2472 692 2532 crearentur.’
732 2475 876 2550 Expressit
895 2473 948 2532 hoc
960 2495 1008 2532 ue·

72 2555 181 2612 cessitas
195 2553 335 2610 Patribus.
373 2553 407 2610 Id
428 2553 511 2609 modo
524 2572 666 2628 excepere,
680 2573 715 2611 ue
729 2567 824 2630 postea
837 2555 948 2610 eosdem
963 2555 1010 2610 tri·

72 2635 155 2691 bunos
166 2631 305 2709 juberent.
345 2631 504 2688 Tribunicio
517 2632 627 2690 comitia
648 2632 699 2708 (ue
712 2633 741 2688 id
755 2652 864 2708 quoquo
878 2647 940 2708 post
954 2633 1010 2689 bel·

71 2712 134 2780 ium,
158 2723 192 2768 ut
213 2723 312 2777 cetera,
330 2730 431 2768 vanum
454 2710 537 2783 esset)
557 2711 697 2787 extemplo
716 2710 818 2769 habita.
858 2711 1010 2769 'l'ricesimo

73 2789 168 2849 εοιιιο3
182 2809 255 2846 anuo
269 2809 285 2846 a
298 2790 393 2867 primis
407 2787 522 2846 tribunis
536 2789 631 2865 plebis,
653 2790 748 2847 decem
763 2789 846 2848 creati
867 2805 939 2854 sunt,
954 2791 1010 2848 bini

104 2899 110 2928 ¹
129 2899 208 2954 Here,
221 2907 306 2953 tenere,
316 2905 341 2942 to
352 2893 408 2944 hold
417 2887 442 2942 in
452 2895 530 2954 office,
538 2905 563 2944 to
574 2894 688 2943 withhold
695 2896 757 2943 from
766 2895 889 2960 resigning
898 2912 955 2954 ;-s
966 2898 1012 2944 few

73 2975 195 3014 sentences
212 2963 304 3012 below:
325 2973 350 3011 to
367 2963 422 3012 hold
440 2979 455 3011 a
471 2978 581 3024 purpose,
600 2973 626 3012 ιο
636 2964 693 3025 gain
705 2979 720 3010 a
732 2963 805 3024 point.
880 2960 890 2988 ²
908 2965 960 3012 The
971 2965 1012 3012 old

73 3033 171 3096 reading
181 3047 231 3078 was
237 3035 347 3094 perculit,
355 3031 402 3078 and
412 3047 459 3078 was
468 3030 575 3094 changed
584 3032 615 3093 by
627 3031 763 3079 Gronovius
772 3047 803 3078 on
813 3033 878 3079 these
886 3033 1009 3096 grounds:

74 3105 172 3151 Percellr'
188 3109 226 3146 est
242 3098 323 3152 everti,
342 3098 454 3156 subverti,
471 3097 565 3161 affligi3
579 3101 676 3162 pergredi
692 3108 728 3146 est
744 3098 818 3162 adigi,
835 3101 966 3160 permoveri
982 3100 1013 3148 ad

75 3168 171 3232 aliquid.
212 3170 339 3218 Percellere
348 3168 457 3230 utsaca'ua
465 3167 538 3230 juxta
549 3175 584 3212 est
595 3167 703 3227 ineptum
716 3181 743 3214 ac
755 3165 774 3213 si
786 3165 860 3224 dicas,
872 3168 975 3232 ‹affligere
985 3179 1013 3217 ιιι

65 3240 153 3301 socius,
163 3245 312 3299 foedauere
321 3235 442 3297 ursacius.
480 3237 591 3286 Percsdit
602 3234 663 3280 after
674 3232 714 3290 ull,
726 3249 802 3281 seems
811 3245 836 3281 ιο
849 3237 879 3282 be
890 3238 929 3283 the
940 3237 1016 3282 better

74 3305 180 3366 reading,
200 3304 303 3350 because
320 3303 339 3348 it
355 3315 475 3362 expresses
492 3316 558 3348 more
575 3300 683 3364 strongly
695 3302 734 3348 the
745 3303 920 3350 consternation
934 3301 963 3347 of
976 3303 1015 3348 the

75 3373 189 3420 tribunes·
230 3371 283 3418 The
293 3381 404 3416 sentence
415 3369 436 3415 is
447 3377 498 3425 not,
507 3379 534 3416 ιιι
536 3371 658 3432 forment,
667 3370 712 3415 but
721 3373 865 3423 utriucrent,
875 3369 931 3413 with
939 3368 1016 3414 which

72 3443 173 3500 perculrt
185 3451 242 3498 may
254 3439 284 3483 be
291 3435 374 3499 joined
386 3436 442 3482 witb
455 3435 546 3497 perfect
556 3434 682 3494 propriety.
764 3435 773 3462 ⁸
791 3432 929 3492 According
941 3441 966 3478 ιο
977 3436 1018 3482 the

75 3505 225 3566 chronology
238 3504 313 3550 which
325 3517 361 3548 we
372 3503 431 3548 have
441 3501 552 3549 followed
570 3501 725 3561 throughout,
747 3501 811 3560 (thet
822 3498 850 3544 of
865 3497 1018 3553 Glareanual

71 3581 195 3630 ‚we-must,
208 3574 240 3634 by
251 3585 267 3617 a
277 3585 371 3630 process
379 3579 421 3618 not
432 3583 578 3618 uncommou
592 3567 618 3614 iu
633 3569 728 3615 Roman
739 3563 910 3624 computatiou,
923 3563 970 3610 add
982 3567 1022 3612 the
