2262 3858
121 243 180 298 350
495 239 529 298 T.
552 239 654 298 LIVll

124 408 132 434 ‘
147 399 248 457 malitis
262 395 332 456 hane
345 399 522 456 solitudinem
534 411 660 465 vestram,
676 397 756 474 quarn
768 399 864 455 urbem
879 396 1011 468 hostium,
1025 397 1072 457 es·'

125 480 199 536 ‘sei
221 497 277 534 non
290 479 418 553 equidem
433 480 522 547 video,
544 480 610 556 quid
629 479 714 553 magis
728 477 803 534 nefas
820 479 863 533 sit.
906 478 990 536 Haec
1010 479 1075 535 sce?

126 569 133 592 ‘
147 561 211 626 lera,
226 559 291 632 quia
303 559 380 634 piget
393 558 546 624 aedificare,
568 557 636 616 haec
656 558 790 614 dedecora
804 557 861 632 pati
875 559 965 633 parati
976 559 1069 614 estis?

125 638 179 696 ‘Si
199 639 258 694 toti
277 639 345 694 urbe
363 637 469 693 nullum
491 638 589 695 melius
609 637 759 712 ampliusve
779 649 885 694 tectum
899 638 960 695 fieri
974 638 1070 713 possit,

126 725 133 752 ‘
148 717 230 792 quam
245 735 307 774 casa
320 717 365 772 illa
379 718 528 774 conditoris
550 729 592 774 est
612 717 706 784 nostri,
726 716 825 772 nonin
839 718 917 784 casis,
939 718 997 774 ritu
1009 735 1071 792 pas-

126 805 239 854 ‘torum
254 797 467 871 agrestiumque,
481 795 604 853 habitare
614 808 656 852 est
670 796 755 852 satius
769 796 843 852 inter·
853 815 930 854 saura
943 795 1077 873 penates
1116 829 1118 842 ι

126 885 134 911 ⁴
149 897 202 951 que
216 889 331 942 vestros,
346 875 428 950 quim
443 876 598 932 exsulatum
612 876 722 951 publice
738 875 802 932 ire?
833 875 960 952 Majores
973 876 1070 939 nostri,

126 965 134 990 ‘
148 975 287 1017 oenvenae
301 969 486 1030 pastoresque,
499 976 584 1030 quum
598 955 626 1010 in
640 954 682 1010 his
695 955 763 1012 locis
776 953 852 1021 nihil,
867 968 978 1030 praeter
991 950 1077 1011 silvas'

126 1043 134 1069 ‘
147 1036 324 1112 paludesque,
336 1047 417 1102 esset,
428 1053 526 1093 novam
540 1036 634 1090 urbem
644 1043 701 1090 tarn
713 1033 788 1090 brevi
796 1033 995 1092 aedificarunts
1012 1053 1070 1100 nos,

126 1115 295 1206 ‘Capitqliu
313 1133 375 1170 arce
395 1115 536 1180 incolumi,
557 1115 692 1170 stantibus
712 1115 822 1189 templis
837 1113 975 1180 Deorum,
997 1111 1076 1170 aedi'
1117 1159 1118 1168 ,

126 1203 133 1228 ‘
147 1194 244 1251 ficare
238 1211 348 1250 incensa
358 1193 458 1268 piget?
480 1206 517 1260 et,
529 1195 603 1286 quad
613 1193 714 1267 singuli
724 1195 822 1250 facturi
833 1193 945 1260 fuimns,
956 1213 981 1249 sr
972 1194 1071 1249 aedes

125 1283 209 1330 ‘nost
210 1293 257 1340 rae
274 1273 477 1348 deflagrasseut,
498 1273 574 1330 hoe
566 1291 594 1329 ιιι
607 1272 718 1349 publico
737 1273 866 1330 incendio
886 1273 1010 1330 universi
1030 1291 1071 1328 re·

124 1361 275 1409 ‘eusamus
288 1351 408 1409 facered'

165 1431 243 1488 LIV.
266 1439 273 1465 ‘
287 1431 365 1494 Quid
378 1432 513 1489 tandem?
535 1451 559 1487 ιιι
549 1431 676 1499 fraude,
698 1431 721 1487 si
740 1451 806 1488 casu
820 1431 901 1508 VeJ'is
912 1432 1071 1490 incendium

127 1521 134 1546 ‘
149 1523 239 1568 ortum
255 1511 298 1578 rit,
314 1523 451 1586 ventoque
467 1516 509 1586 (ut
522 1511 581 1567 fieri
595 1509 703 1588 potest)
711 1511 812 1567 diffusa
819 1512 931 1568 flamma
945 1529 1070 1585 magnam

126 1599 254 1666 ‘partem
268 1590 343 1645 urbis
364 1590 506 1654 absumat;
528 1590 645 1646 Fidenas
666 1591 739 1658 inde,
759 1601 807 1647 aut
822 1591 937 1660 Gabios,
958 1591 1071 1648 aliamve

127 1679 134 1705 ‘
149 1689 231 1745 quarn
244 1669 343 1726 urbem
357 1671 508 1744 quaesituri
522 1687 626 1738 snmus,
648 1672 703 1744 qud
717 1671 943 1746 transmigremus
952 1671 978 1728 ι’
990 1672 1070 1727 Adeo

130 1749 221 1806 ‘nihil
255 1761 332 1806 tenet
359 1749 450 1805 solnm
477 1749 589 1842 patriae,
620 1767 672 1807 nec
702 1749 770 1806 haec
791 1761 873 1818 terra,
903 1755 989 1844 quam
1017 1769 1070 1806 nra·

128 1837 221 1886 ‘trem
234 1829 414 1905 appellamus,
435 1829 505 1886 sed
497 1849 526 1885 ιιι
544 1829 708 1905 superficie¹
722 1829 860 1922 tignisque
880 1831 983 1887 caritas
995 1831 1069 1887 nobis
1117 1825 1118 1842 ³

128 1909 255 1984 ‘patriae
269 1909 395 1985 pendet?
417 1908 565 1984 Equidem,
574 1910 681 1966 fatebor
690 1909 818 1976 vobisut
807 1910 842 1966 tsi
853 1910 944 1966 miuus
957 1910 1075 1996 iujuriae

128 1997 265 2058 ‘vestrae,
287 1987 370 2063 quam
390 2009 468 2046 meae
486 1989 656 2057 calamitatis,
681 1989 839 2046 meminisse
854 1988 967 2082 Juvat²,
990 2009 1069 2066 quum

128 2077 135 2102 ‘
150 2070 284 2138 abessem,
299 2069 517 2144 quotiescunque
531 2069 618 2145 patria
631 2069 659 2124 in
670 2081 792 2126 mentem
806 2071 921 2138 veniret,
936 2069 1006 2128 haee
1017 2089 1069 2126 om·
1117 2113 1118 2136 ,

129 2149 197 2205 ‘nia
210 2149 399 2217 occurrebant,
411 2149 502 2216 colles,
514 2149 666 2224 campique,
676 2160 704 2204 et
719 2147 836 2214 Tiberis,
848 2161 877 2205 et
886 2163 1000 2208 assueta
1010 2169 1069 2208 ocn-
1117 2147 1118 2190 5

128 2235 136 2262 ‘
150 2229 183 2284 lis
197 2229 282 2302 regio,
295 2229 325 2284 'et
338 2227 391 2286 hoc
405 2229 521 2295 coelum,
544 2229 596 2284 sub
610 2247 664 2302 quo
678 2240 759 2284 uatus
772 2229 963 2303 educatusque
978 2249 1068 2287 essem

38 2333 40 2338 ·
130 2307 231 2369 ‘Quae
246 2326 302 2371 vos,
326 2307 459 2375 Quirites,
480 2328 554 2363 nnuc
574 2320 703 2363 moveant
722 2307 814 2382 potiris
831 2309 947 2364 caritate
964 2311 1024 2376 snb,
1043 2322 1069 2362 ut

130 2393 137 2418 ⁴
152 2385 286 2442 maneatis
300 2387 328 2442 in
342 2387 408 2443 sede
422 2389 520 2452 vestra,
536 2386 618 2461 quam
633 2399 738 2462 postea,
753 2407 838 2462 quum
853 2387 1021 2462 reliqueritis
1033 2407 1067 2452 ea,

130 2472 138 2498 ‘
152 2477 292 2521 macerent
306 2465 451 2521 desiderio.
493 2466 593 2521 Non
572 2485 631 2522 srue
645 2467 727 2523 causti
741 2466 792 2522 Dii
805 2466 989 2542 hominesque
1002 2467 1067 2524 hune

130 2552 137 2578 ‘
151 2543 214 2600 urbi
228 2545 387 2601 ¹condendae
401 2545 492 2602 locum
503 2545 655 2620 elegerunt,
665 2546 856 2603 saluberrimos
867 2546 962 2614 colles,
973 2548 1066 2604 flumen
1117 2565 1118 2624 }

130 2632 238 2700 ‘oppor
240 2635 346 2691 tuuum,
367 2643 422 2700 quo
440 2645 475 2682 ex
488 2625 694 2682 mediterraneis
707 2625 774 2682 locis
787 2625 880 2700 fruges
895 2625 1067 2688 devehantur,
1117 2677 1118 2692 ,

129 2712 207 2778 ‘quo
231 2705 361 2761 maritimi
384 2717 555 2762 commeatus
576 2705 711 2781 accipiant
713 2725 762 2771 nr;
782 2704 877 2763 mare³
898 2706 1020 2763 vicinum
1039 2705 1118 2761 sd

129 2784 370 2852 ‘commoditates,
391 2803 443 2841 nec
464 2785 620 2860 expositum
628 2785 720 2841 nimiis
738 2785 944 2861 propinquitate
956 2786 994 2842 ad
1007 2787 1068 2862 peri·
1117 2789 1118 2860 J

129 2895 240 2956 adopted,
259 2895 388 2958 supported
406 2899 438 2958 by
458 2898 602 2953 Gronovius,
616 2897 673 2943 with
685 2898 732 2944 this
744 2913 827 2946 sense:
850 2899 902 2946 The
918 2899 1033 2958 Romans,
1048 2897 1069 2942 iu

130 2963 256 3026 removing
274 2975 299 3010 to
313 2963 375 3018 Veii,
393 2974 459 3011 must
474 2965 549 3012 either
565 2967 625 3012 have
637 2965 726 3013 wished
747 2967 825 3014 Rome
843 2975 868 3012 to
884 2968 915 3012 be
933 2966 1033 3028 peopled
1044 2967 1069 3025 by
1117 2971 1118 3000 l

131 3031 243 3083 enemies,
257 3049 283 3079 or
292 3033 431 3095 preferred'
425 3042 444 3080 rt
455 3042 480 3080 to
492 3035 521 3080 he
533 3049 546 3079 a
559 3033 653 3092 desert;
672 3034 748 3080 either
759 3033 905 3090 alternative,
916 3033 1043 3096 according
1051 3045 1070 3078 to
1117 3009 1118 3050 l

133 3099 259 3156 Camillus,
277 3100 351 3162 being
367 3100 520 3162 disgracerul.
563 3101 614 3148 The
631 3071 699 3148 oiber
718 3101 826 3164 reading,
845 3103 980 3162 supported
996 3097 1068 3164 hyde
1117 3091 1118 3150 l

132 3169 207 3216 MSS
219 3167 268 3214 aud
280 3167 387 3222 Bsuerst
380 3183 401 3214 rs
412 3185 459 3216 non
470 3171 548 3218 mulit'
529 3179 566 3225 ιιι,
581 3169 671 3216 Would
683 3185 732 3231 you
745 3180 788 3216 not
796 3169 875 3230 prefer
885 3169 1021 3232 inhabiting
1032 3167 1069 3214 this

132 3245 194 3297 spot,
207 3234 294 3282 ruined
306 3249 331 3280 as
346 3236 366 3280 it
382 3236 410 3292 is,
430 3244 456 3282 to
468 3236 598 3298 residing'
592 3251 617 3282 ιιι
636 3251 667 3282 an
684 3239 793 3298 enemy's
809 3238 876 3298 city?
901 3235 1010 3286 Bauer
1001 3253 1020 3283 rs
1039 3236 1069 3280 in-

131 3303 241 3365 genious,
253 3303 299 3349 but
313 3303 451 3351 Gronovius
462 3319 539 3352 seems
550 3305 636 3352 sound.
708 3305 714 3333 ¹
733 3309 880 3372 Superficies,
897 3307 939 3352 the
950 3303 1041 3354 suriant
1049 3301 1072 3347 of

125 3374 172 3417 ‘tho
189 3371 345 3427 solnm-the
362 3369 494 3434 buildings.
576 3368 586 3396 ⁹
603 3375 636 3422 Ει
627 3376 666 3431 tsi,
684 3375 728 3422 &c
768 3375 894 3436 Althongh
915 3375 928 3420 1
947 3373 1036 3435 delight
1049 3380 1069 3415 to

132 3438 229 3485 dwell
221 3455 247 3486 m
265 3453 307 3500 my
323 3451 432 3498 memory
447 3439 493 3487 less
510 3453 542 3486 on
560 3441 601 3486 the
613 3453 696 3522 wrong
713 3455 762 3503 you
774 3440 816 3487 did
832 3455 880 3500 me,
898 3441 957 3487 ιιιιιιι
974 3455 1014 3502 my
1023 3451 1068 3485 own

132 3505 254 3555 affliction.
324 3505 334 3534 ι
350 3505 447 3555 Mariis
459 3523 473 3554 a
484 3508 563 3570 happy
575 3509 712 3573 conjecture
723 3509 753 3557 of
765 3504 852 3590 Bauer'
855 3525 874 3568 s,
885 3509 988 3574 making
997 3505 1027 3556 ιιι
1037 3507 1069 3554 tlt

130 3572 261 3636 adjectives
271 3575 335 3624 refer
345 3582 371 3626 to
381 3576 466 3624 lotam.
