2230 3846
121 226 176 292 148
480 229 524 288 -Τ,
545 227 645 288 LIVII

13 442 18 458 ,
118 349 266 467 cepthest.
308 389 354 447 Sic
374 390 455 446 finem
465 389 583 466 justitio,
598 389 670 464 quod
685 389 860 464 quatriduum
874 388 939 455 tutu·
951 388 1061 446 reditus

118 469 243 533 Quinctii
263 469 381 527 consulis
401 469 429 525 in
449 471 544 525 urbem
565 470 638 526 iecit.
680 469 786 527 Census
807 468 907 525 deiude
926 481 1011 536 actus,
1026 479 1061 524 et

117 551 258 607 conditum
279 550 314 606 ab
334 548 467 612 Quinctio
481 549 596 604 lustrum
609 551 625 604 ¹.
666 549 756 607 Censa
770 548 869 604 civium
885 549 977 623 capita
990 566 1060 604 ceu-

115 640 175 686 tum
190 641 307 705 quatuor
327 629 409 684 millia
429 642 457 684 et
471 629 589 684 ducenta
602 628 808 702 quatuordecim
823 627 962 695 dicuntur,
976 644 1060 703 prae-

115 720 158 764 ter
176 711 256 766 orbos
273 707 434 782 orbesque2.
475 706 508 763 In
531 709 638 782 Aequis
657 706 722 763 nihil
750 707 849 764 deinde
876 705 1059 763 memorabile

114 799 215 845 actum.
255 788 288 844 In
300 787 400 863 oppida
409 805 495 844 suase
509 805 645 862 recepere,
660 787 701 844 uti
715 805 764 842 sua
778 786 957 862 popularique
972 786 1059 860 passi.

115 865 230 936 Consul,
245 887 329 942 quum
350 866 494 940 aliquoties
513 886 562 943 per
582 885 691 922 omnem
705 864 825 922 hostium
840 885 937 940 agrum
951 865 1057 922 infesto

113 947 222 1020 agmine
235 947 444 1022 populabundus
457 949 533 1013 isset,
544 965 608 1002 cum
622 945 726 1021 ingenti
734 946 814 1002 laude
823 945 981 1020 praedisque
995 945 1055 1002 Ro·

112 1043 185 1082 mam
200 1025 289 1083 rediit.
1091 1061 1093 1066 ,

251 1104 303 1162 IV.
325 1104 460 1162 Consules
472 1103 537 1160 inde
551 1103 589 1159 A.
604 1102 763 1160 Postumius
778 1103 876 1169 Albus,
890 1102 938 1176 Sp.
948 1101 1054 1159 Furius

111 1183 172 1262 J'·⁰·
214 1182 312 1240 Fusus.
353 1183 449 1240 Furios
464 1182 562 1239 Fusios
575 1183 707 1259 scripsere
721 1181 863 1256 quidam³.
904 1179 938 1237 Id
952 1183 1053 1238 admo·

112 1239 170 1288 ²9⁰·
210 1283 271 1331 neo,
286 1281 321 1320 ne
332 1265 392 1337 quis
406 1261 625 1318 immutationem
636 1263 754 1318 virorum
765 1263 887 1338 ipsorum
898 1279 968 1327 esse,
979 1281 1054 1336 quae

109 1340 250 1398 nominum
272 1356 322 1408 est,
343 1354 430 1417 putet.
471 1341 557 1397 Haud
571 1341 685 1397 dubium
700 1353 767 1410 erat,
781 1341 847 1416 quin
861 1359 924 1398 cum
941 1342 1054 1416 Aequis

108 1419 178 1476 alter
197 1422 339 1478 consulum
360 1421 461 1477 bellum
475 1432 591 1494 gereret.
631 1421 729 1496 ltaque
744 1421 837 1494 Aequi
852 1419 887 1477 ab
903 1419 1053 1478 Ecetranis

109 1496 217 1555 Volscis
237 1501 402 1576 praesidium
422 1499 535 1575 petiere.
575 1499 640 1563 Quo
653 1501 752 1574 cupide
766 1501 866 1566 oblato,
881 1499 968 1573 (adad
982 1501 1052 1558 civi-

108 1587 178 1633 tates
192 1576 243 1635 hae
257 1592 390 1655 perpetuo
404 1579 431 1634 in
448 1577 590 1634 Romanos
602 1580 666 1634 odio
679 1580 844 1656 certavere)
858 1579 962 1636 bellum
972 1597 1051 1636 sum-

107 1657 153 1712 mis
166 1655 192 1711 vi
206 1659 360 1733 parabatur.
402 1657 530 1714 Sentiuut
545 1657 669 1724 Hernici,
685 1671 713 1714 et
726 1658 887 1734 praedicunt
902 1659 1049 1727 Romanis,

106 1733 274 1793 Ecetranum
288 1738 322 1794 ad
333 1739 447 1812 Aequos
456 1737 584 1794 descisse.
627 1736 761 1813 Suspecta
770 1750 799 1794 et
809 1739 916 1796 colonia
926 1739 1048 1795 Antium

104 1814 166 1881 fuit,
181 1811 256 1890 quiid
276 1837 373 1891 magna
389 1817 428 1872 vis
442 1816 584 1872 homiuum
599 1816 671 1885 iude,
687 1836 771 1891 quum
786 1818 918 1894 oppidum
933 1831 1047 1893 captum

105 1906 177 1951 esset
187 1893 208 1962 ⁴,
224 1896 391 1972 confugisset
404 1896 439 1953 ad
456 1899 578 1972 Aequos.
618 1894 702 1970 isque
716 1897 794 1953 miles
808 1897 974 1972 perbellum
987 1898 1047 1954 Ae·
1101 1963 1102 1966 Ἰ

105 1972 217 2047 quicum
232 1975 274 2033 vel
288 1977 436 2034 acerrimus
448 1976 509 2032 fuit.
550 1975 708 2050 Compulsis
721 1976 821 2032 deinde
834 1977 861 2032 iu
873 1978 976 2052 oppida
987 1977 1049 2033 Ae-

105 2053 174 2126 quis,
189 2074 223 2112 ea
236 2056 384 2113 multitudo
398 2054 504 2130 dilapsa
516 2074 601 2130 quum
618 2055 734 2110 Antium
749 2056 873 2122 redisset,
888 2057 938 2113 sua
946 2071 1048 2134 sponte
1101 2083 1102 2110 ς

98 2129 157 2206 jam
173 2134 270 2191 infidos
284 2134 415 2192 colonos⁵
431 2135 564 2191 Romanis
574 2133 745 2192 abalienavit.
786 2133 924 2192 Necdum
936 2139 1048 2194 maturi
1101 2163 1102 2168 ¹

103 2230 141 2278 re,
157 2233 240 2288 quum
251 2215 432 2272 delectionem
444 2213 531 2288 parari
542 2213 662 2270 delatum
674 2214 709 2270 ad
717 2227 842 2271 senatum
854 2226 935 2282 esset,
947 2217 1045 2274 datum

103 2291 244 2364 negotium
259 2306 301 2349 est
315 2293 480 2358 consulibus,
495 2304 535 2360 ut,
550 2291 718 2368 principibus
728 2293 852 2350 coloniae
863 2293 984 2352 Romam
996 2317 1045 2354 ex·
1101 2309 1102 2342 ἒ

103 2368 173 2436 citis,
188 2383 359 2444 quaererent,
374 2379 382 2406 ⁴
396 2371 528 2448 quidnam
537 2373 576 2428 rei
590 2371 680 2428 esset!
721 2373 786 2440 Qui,
801 2391 886 2447 quum
897 2371 972 2431 haud
982 2395 1045 2452 gra·
1101 2365 1102 2372 ἵ

101 2448 158 2504 vati
171 2451 318 2519 venissent,
331 2450 480 2508 introducti
493 2471 510 2507 a
523 2451 681 2507 consulibus
691 2452 726 2508 ad
739 2465 867 2508 senatum
875 2452 915 2509 ita
927 2473 1044 2531 respon-

101 2527 201 2584 derunt
216 2529 439 2604 adinterrogata,
454 2542 485 2586 ut
502 2531 588 2603 magis
602 2531 731 2606 suspecti,
746 2530 828 2606 quam
843 2531 986 2599 venerant,
998 2537 1042 2592 di·
1101 2527 1102 2598 i

100 2607 283 2664 mitterentur.
325 2608 434 2666 Bellum
445 2609 509 2666 imle
519 2607 592 2665 haud
602 2609 716 2666 dubium
728 2609 829 2668 haberi.
872 2610 919 2686 Sp.
930 2611 1041 2683 Furius,
1101 2605 1102 2670 l

99 2686 242 2743 consulum
256 2688 332 2754 alter,
347 2690 391 2745 cui
405 2708 438 2744 ea
451 2687 610 2763 prouincia6
623 2702 761 2755 evenerat,
775 2691 915 2764 profectus
936 2693 1040 2752 inde·
1101 2723 1102 2762 3

99 2783 176 2840 quos,
197 2765 381 2831 Hernicorum
403 2767 430 2822 in
451 2787 516 2842 agro
538 2767 763 2842 populabundum
783 2769 891 2826 hostem
916 2769 1039 2840 invenit;
1101 2771 1102 2838 l

98 2845 262 2921 ignarusque
282 2845 562 2920 multitudinis,·quia
582 2865 716 2920 nusquam
739 2846 863 2904 universa
890 2867 1042 2927 conspecta
1101 2841 1102 2890 i

98 2923 196 2992 fuerat,
218 2927 349 3002 imparem
370 2925 456 3000 copiis
476 2925 628 2981 exercitum
649 2938 753 2982 temere
767 2946 875 3002 pugnae
890 2931 1038 2990 commisit.

99 3003 193 3066 Primo
213 2997 348 3062 concursu
368 3006 463 3079 pulsus
483 3023 512 3060 se
526 3003 553 3058 in
568 3016 657 3072 castra¹
671 3005 783 3080 recepit.
824 3005 925 3082 Neque
939 3008 963 3064 is
977 3009 1038 3066 finis

98 3083 213 3157 periculi
225 3085 288 3140 fuit.
329 3084 456 3159 Namque
470 3094 499 3140 et
511 3083 637 3158 proxima
649 3095 734 3140 nocte
742 3096 773 3140 et
786 3098 897 3160 postero
905 3088 952 3144 die
963 3091 1039 3146 tanti

129 3230 200 3277 ¹See
211 3243 237 3290 p.
246 3230 286 3286 51,
299 3239 355 3276 note
368 3231 391 3277 2.
500 3225 553 3276 ’It
564 3228 584 3275 is
596 3243 649 3290 easy
661 3238 686 3276 to
703 3229 849 3278 understand
866 3232 923 3280 horr
934 3235 1040 3294 orphans

94 3297 180 3344 should
191 3300 251 3344 have
262 3299 322 3355 beep
339 3295 438 3343 omitted
454 3296 478 3342 in
493 3297 533 3342 the
544 3311 638 3356 census,
656 3296 733 3345 which
747 3297 794 3346 had
805 3313 820 3346 a
830 3299 963 3358 particular
976 3303 1035 3350 reie-

92 3375 265 3412 rencetomen
279 3373 304 3410 at
315 3377 391 3410 arms.
458 3363 580 3418 *Furios
594 3365 637 3410 διο.
675 3366 796 3412 Somefor
807 3368 1034 3424 Fariahavewrit-

93 3441 135 3478 ten
145 3436 223 3482 Furii.
261 3433 314 3479 The
325 3429 388 3491 early
403 3430 510 3478 Romans
521 3430 654 3492 uniformly
665 3432 844 3490 preferredato
854 3453 876 3481 r.
915 3435 986 3482 Soiu
995 3438 1034 3482 the

94 3497 135 3543 8th
149 3500 260 3561 Chapter,
279 3501 384 3546 Veturius
395 3496 432 3545 for
450 3501 566 3562 Veturius.
639 3499 745 3546 ¹Seeii.
758 3501 798 3556 65,
865 3501 939 3550 ⁵See
953 3503 1032 3564 Chap-

93 3571 129 3608 ter
143 3564 163 3614 l.
233 3566 305 3612 “See
317 3582 341 3626 p.
358 3563 412 3622 115,
425 3573 481 3611 note
492 3565 516 3612 3.
