2232 3862
104 227 145 291 rs
390 297 394 318 Ἴ
471 227 532 320 n.
551 224 655 304 ιινιι

110 383 186 443 varini
199 383 322 449 victorii.
341 395 371 442 et
383 385 459 442 velut
471 403 561 460 aequo
574 385 668 444 Marte
681 394 833 460 pugnatam
850 393 903 442 est.
941 383 1060 444 Dextra

110 464 240 538 utrinque
261 483 364 524 cornua
376 464 475 532 vicere,
496 465 573 524 laeva
592 476 729 540 superata.
771 462 912 540 Vejentss,
925 463 1002 522 'vinci
1020 463 1062 520 ab

111 543 241 608 Romano
253 543 341 602 milite
352 545 465 611 assueti,
479 544 533 600 iusi
546 545 695 619 fugatique.
736 542 951 618 Tarquiniensis,
965 562 1061 602 novus

112 620 208 690 hostia,
229 643 285 682 non
297 624 376 684 stetit
393 623 490 692 saltim,
511 625 560 684 sed
581 623 663 682 etiam
682 623 716 682 ab
732 623 785 680 suis
802 635 879 700 perte
893 623 1059 680 Romanurn

168 702 228 760 ulit.

112 719 220 838 Peli'll.
240 781 285 838 Ita
297 801 382 856 quum
397 793 549 858 pugnatum
564 792 645 848 esset,
661 792 755 838 tantus
769 793 857 840 terror
871 779 1059 854 Tarquinium

111 871 194 936 atqua
209 861 342 918 Etruscos
353 862 472 927 incessit,
486 873 527 929 ut,
542 861 643 920 omissi
653 859 778 928 insitire,
791 859 965 918 nocteambo
975 879 1060 916 exer·

112 940 192 1008 titus,
208 939 310 1017 Vejens
325 939 595 1016 Tarquiniensisque,
615 959 679 998 suas
697 939 813 1016 quisque
827 940 932 998 abirent
946 940 1059 996 domos.

115 1019 263 1096 Adjiciunt
282 1019 414 1078 miracula
433 1018 498 1078 huic
518 1039 642 1096 pugnae:
665 1019 796 1078 ‘silentio
809 1019 950 1095 proximas
964 1019 1059 1076 noctis

113 1106 121 1134 ‘
136 1118 171 1156 ex
185 1099 253 1156 silvis
268 1099 355 1156 Arsiit
365 1100 504 1174 ingentem
518 1101 619 1156 editam
635 1117 748 1165 vocem
764 1099 869 1156 Silvani
882 1117 977 1156 rocem
992 1117 1059 1156 eam

114 1185 122 1212 ‘
136 1177 286 1246 creditam
302 1178 370 1236 haec
384 1179 466 1246 dicta,
485 1185 503 1212 “
515 1179 580 1238 Uno
591 1177 669 1253 plus¹
686 1177 866 1235 Etruscorum
881 1178 1013 1236 cecidisse
1027 1177 1061 1234 in

114 1263 132 1292 “
146 1259 221 1324 acie;
242 1259 351 1316 vincere
364 1257 439 1314 bello
451 1256 637 1333 Romanum.”
672 1256 715 1314 lte
727 1259 802 1315 certi
816 1258 881 1314 iude
893 1257 984 1314 abiere
997 1257 1059 1314 Ro-

112 1337 196 1404 mani,
210 1349 243 1394 ut
252 1337 386 1403 victores;
404 1337 514 1394 Etrusci
527 1357 578 1412 pro
588 1336 677 1396 victis.
705 1333 786 1402 Nem,
798 1350 943 1412 postquam
954 1336 1058 1402 illuxit,

113 1434 166 1474 nec
179 1415 324 1492 quisquam
337 1415 458 1474 hostium
472 1417 499 1472 in
514 1430 664 1491 conspectu
677 1430 753 1482 erat;
774 1417 806 1472 P.
818 1415 944 1473 Valerius
958 1415 1059 1472 consul

114 1495 201 1570 spolia
220 1496 297 1570 legit,
321 1494 547 1570 triumphansque
568 1495 632 1552 inde
655 1495 772 1552 Romam
793 1495 884 1552 rediit
920 1493 1059 1569 Calingae

112 1573 204 1641 funus,
226 1587 340 1649 quanto
338 1586 401 1630 tuto
417 1575 507 1654 potuit
521 1587 662 1666 apparatu,
676 1575 751 1632 fecit.
792 1574 848 1632 Sed
864 1575 952 1632 multo
966 1573 1059 1665 majus

112 1653 195 1710 morti
214 1656 299 1710 decus
319 1653 428 1730 publicu
445 1649 500 1710 fuit
519 1653 665 1720 moestitia,
685 1657 720 1710 eb
739 1666 804 1711 ante
824 1653 917 1710 omnia
931 1653 1058 1728 insignia,

113 1732 178 1806 qnia
189 1743 329 1790 matronae
339 1753 450 1797 annunt,
462 1745 494 1790 ut
504 1745 654 1807 parentem,
665 1753 728 1788 eum
740 1734 877 1798 luxerunt,
893 1733 985 1807 ‘qubd
997 1745 1056 1788 tam

114 1819 122 1846 ‘
136 1831 200 1874 acar
213 1813 286 1870 ultor
294 1812 415 1874 ,violatae
429 1812 577 1888 pudicitiae
591 1811 704 1868 luisset!
746 1813 860 1870 Consuli
871 1813 984 1878 deinde,
1005 1813 1056 1886 qui

113 1891 293 1966 superfuerat,
308 1906 340 1948 ut
354 1905 420 1948 sunt
433 1892 578 1948 mutabiles
592 1891 667 1966 vulgi
680 1891 773 1958 animi,
788 1911 822 1948 ex
834 1892 929 1948 ¹favore
943 1910 998 1946 nou
1012 1893 1056 1947 in·

112 1970 186 2027 vidia
209 1971 302 2038 modb,
323 1971 373 2028 sed
396 1970 517 2046 suspicio
540 1970 624 2028 etiam
645 1991 707 2027 cura
728 1972 814 2028 atroci
834 1971 959 2035 crimine,
983 1981 1055 2028 orta

111 2050 267 2126 ‘Regnum
288 2071 352 2108 eum
369 2049 513 2116 affectare‚'
534 2050 607 2106 fama
626 2050 745 2116 ferebat3
766 2051 830 2126 quia
847 2069 899 2107 nec
918 2049 1055 2124 collegam

112 2129 307 2206 subrogaverat
321 2131 349 2186 in
363 2129 452 2188 locum
469 2129 567 2193 Bruti·
578 2141 607 2186 et
624 2130 785 2186 aedificabat
798 2130 825 2186 in
840 2129 949 2186 summis
962 2128 1055 2187 Velini.

113 2208 180 2266 ‘Ibi
203 2211 259 2266 alto
282 2223 365 2283 atque
389 2208 496 2264 munito
518 2209 580 2265 loco
603 2229 693 2265 arcem
717 2209 955 2284 inexpugnabilem
976 2208 1054 2266 fore!

111 2287 194 2346 Haec
207 2289 282 2346 dicta
295 2289 377 2363 vulgb
391 2287 548 2363 creditaque
562 2307 647 2362 quum
666 2288 828 2363 indignitate
841 2299 973 2363 angerent
988 2307 1055 2344 con·

111 2367 179 2424 salis
192 2367 325 2433 animum,
340 2379 438 2424 vocato
452 2368 487 2423 ad
501 2369 646 2422 concilium
658 2369 761 2442 populo
770 2367 922 2424 summissis
933 2367 1054 2424 fascibus

111 2445 140 2502 in
154 2445 314 2504 concionem
329 2446 461 2504 escendit.
502 2445 619 2504 Gratum
635 2447 663 2504 id
678 2447 848 2504 multitudini
862 2445 1053 2522 spectaculum

110 2525 180 2593 fnit3
200 2525 346 2582 summissa
365 2524 417 2580 sibi
437 2544 497 2582 erse
517 2525 624 2600 imperii
644 2527 777 2601 insignia;
797 2525 1055 2600 confessionemque
1107 2573 1108 2576 ,

110 2603 220 2672 factam,
241 2604 344 2680 populi,
365 2602 446 2679 quim
461 2605 589 2670 consulis,
608 2605 777 2680 majestatem
793 2606 902 2680 dinque
918 2605 1053 2681 majorem

111 2703 181 2742 esse.
230 2685 287 2743 Ubi
306 2685 401 2741 audire
415 2683 495 2758 jussi,
516 2685 610 2742 consul
631 2686 741 2743 laudare
761 2686 897 2742 fortunam
912 2685 1052 2758 collegae,

112 2764 216 2838 ‘qubd‚
231 2763 345 2822 liberati
358 2764 454 2839 patriis,
469 2763 497 2822 in
510 2785 618 2822 summo
632 2763 744 2831 honore,
757 2785 809 2840 pro
820 2764 961 2839 republicis
970 2763 1053 2820 dimi·
1107 2809 1108 2820 .

112 2849 120 2878 ⁴
134 2863 208 2910 cans,
224 2843 330 2900 matura
342 2843 437 2918 gloriis,
451 2863 503 2901 nac
515 2843 582 2900 dum
597 2863 626 2900 se
640 2857 763 2901 vertente
776 2845 804 2900 in
819 2842 959 2909 invidiam,
980 2861 1053 2900 mor·

113 2929 192 2979 ‘tem
211 2923 395 2980 occubuisset.
435 2921 471 2978 Se
492 2923 666 2998 superstitem
688 2923 798 2998 gloriae
812 2943 877 2980 suae
895 2923 930 2978 ed
947 2922 1053 2979 emman

112 3008 217 3078 ‘atqua
234 3002 363 3058 invidiam
385 3019 543 3076 superesse3
563 3022 600 3060 ex
619 3003 763 3059 liberatore
777 3005 880 3078 patriae
900 3003 935 3059 ad
954 3001 1053 3077 nquit-

112 3081 185 3138 ‘lios
199 3101 229 3138 se
241 3081 442 3156 Vitelliosque²
458 3080 595 3136 recidisse.
633 3079 839 3157 Nunquamne³
854 3081 938 3154 ergo:
953 3080 1052 3155 inquit,
1107 3101 1108 3110 ¹

113 3161 190 3220 ‘ulla
207 3157 277 3218 adeb
291 3181 306 3216 a
321 3163 397 3216 vobis
416 3171 539 3234 spectata
553 3159 638 3215 virtus
658 3162 719 3224 erit,
737 3173 769 3217 ut
788 3161 945 3234 suspicione
959 3159 1053 3216 violari
1107 3159 1108 3204 l

111 3240 278 3315 ‘nequeatl
302 3240 364 3312 Ego
379 3258 432 3302 me,
452 3238 528 3293 illem
543 3257 707 3294 acerrimum
721 3259 816 3312 rogum
830 3238 1057 3330 hustem‚1psmn
1107 3251 1108 3290 ι

114 3319 296 3415 ‘cupiditatis
317 3319 394 3390 regni
416 3317 529 3372 crimen
540 3319 694 3373 subiturum
716 3319 866 3376 timerem?
895 3318 965 3392 Ego,
987 3317 1011 3373 si
1031 3316 1057 3371 itt
1079 3353 1082 3362 ι

116 3399 198 3474 ‘ipsa
211 3417 272 3456 arce
288 3397 480 3473 Capitolioque
490 3394 650 3464 babitarent,
666 3397 752 3453 metui
766 3417 810 3454 me
822 3397 962 3454 crederem
979 3413 1058 3474 posse
1107 3403 1108 3472 j

108 3565 164 3623 note
180 3577 200 3625 1.

145 3507 301 3573 'Unoplnt
340 3507 516 3570 Morebynne.
608 3501 767 3568 'seecaap
783 3507 807 3555 q
894 3507 1002 3568 'Scep
1021 3507 1054 3562 16
1107 3483 1108 3532 l
