2224 3862
115 209 175 268 232
511 209 545 269 T.
566 208 666 271 LlVll

118 366 292 426 ‘Dictatoris
312 388 364 426 nec
383 368 529 445 imperinm
549 390 601 428 nec
620 387 722 426 nomen
743 368 848 426 luerat:
868 369 945 444 apud
963 369 1054 428 Patres

118 457 126 482 ‘
140 465 201 504 esse
214 448 314 524 coepit.
355 448 473 506 Tribuni
481 449 578 525 plebis,
586 449 699 515 aediles,
707 460 875 524 quaestores,
884 449 953 506 nulli
963 462 1055 508 emnt:

118 525 296 584 ‘institutum
317 539 368 595 est,
389 540 421 584 ut
441 529 547 586 fierent.
588 528 770 586 Decemviros
786 527 893 603 legibus
907 529 1055 585 scribendis

118 605 211 664 ‘intra
225 607 320 664 decem
335 605 385 663 hos
399 627 484 664 anuos
498 619 527 664 et
540 607 701 672 creavimus,
723 618 752 664 et
765 627 781 664 e
795 607 937 683 republicis
949 607 1055 663 sustuli·

118 693 125 720 ‘
140 705 211 742 mus.
252 686 325 750 Quis
336 687 452 754 dubitat,
467 687 542 762 quin,
556 687 584 742 in
599 699 740 744 aeternum
754 686 822 742 urbe
835 686 957 751 conditis,
972 685 1054 742 inira·

118 773 125 798 ‘
140 785 264 822 mensum
286 779 434 833 crescente,
456 786 527 822 nova
547 766 671 841 imperia,
685 765 846 831 sacerdotio,
855 764 920 841 jura
935 765 1055 839 gentium

118 843 337 920 ‘hominumque
356 845 557 904 instituantur?
580 845 646 901 Hoc
659 845 758 920 ipsum,
773 863 809 900 ne
822 844 993 900 connubium
1007 845 1053 901 Pa-

119 925 227 981 ‘tribus
247 944 310 982 cum
331 924 411 1000 plebe
431 936 512 992 esset,
533 943 588 982 nou
609 924 757 980 decemviri
771 923 893 980 tulerunt
907 923 1004 998 paucis
1016 923 1056 980 bis

119 1003 226 1070 ‘annis
241 1004 360 1080 pessimo
374 1005 501 1080 exemplo
515 1003 634 1079 publico,
646 1022 708 1060 cum
721 1003 828 1058 summis
838 1001 941 1078 injuriis
949 1002 1055 1078 plebis?

119 1089 126 1116 ‘
142 1083 189 1138 An
209 1103 269 1140 esse
288 1083 343 1140 ulla
356 1082 442 1158 mnjor
455 1095 503 1140 aut
515 1082 669 1157 insignitior
682 1081 849 1138 contumelia
861 1093 965 1156 potest,
978 1080 1055 1156 quim

118 1171 245 1237 ‘partem
266 1162 394 1228 civitatis,
416 1162 491 1218 velut
511 1161 733 1227 contaminatam,
755 1159 894 1235 indignam
922 1160 1054 1217 connubio

117 1241 255 1299 ‘heberii
277 1241 355 1305 Quid
375 1253 418 1298 est
436 1240 521 1308 aliud,
542 1239 625 1316 quam
645 1240 772 1296 exsilium
786 1240 858 1296 intra
871 1241 970 1298 eedem
985 1259 1052 1296 moe-

117 1321 193 1387 ‘nia,
207 1320 290 1394 quiam
305 1320 516 1394 relegationem¹
531 1319 610 1396 pati?
633 1319 677 1376 Ne
691 1318 877 1386 affinitatibus,
898 1339 937 1377 ne
951 1319 1053 1396 propio·

118 1406 125 1432 ‘
139 1399 290 1473 quitatibus
299 1399 510 1467 immisceamur,
519 1410 633 1464 caveum
646 1417 681 1456 ne
689 1398 810 1456 societur
818 1399 940 1472 sanguis.
962 1398 1052 1462 Quid?

116 1476 191 1534 ‘hoc
210 1478 236 1534 ei
254 1479 353 1554 polluit
372 1479 543 1538 nobilitatem
567 1479 648 1536 istam
668 1489 796 1544 vestram,
818 1477 917 1552 (quam
939 1477 1055 1554 plerique

115 1556 247 1614 ‘oriundi
267 1577 303 1614 ex
324 1557 442 1614 Albanis
456 1570 492 1616 st
512 1557 628 1624 Sabinis,
650 1577 705 1614 non
724 1575 825 1632 genere
845 1576 897 1614 nec
919 1557 1051 1632 sanguine,

116 1637 185 1692 ‘sed
200 1655 249 1712 per
263 1637 465 1712 cooptationem
480 1638 508 1692 in
524 1637 620 1694 Patres
633 1635 747 1703 habetis,
763 1635 978 1711 autahregihus
987 1635 1051 1702 lecti,

118 1723 188 1772 ‘aut
202 1728 264 1791 post
277 1737 356 1790 reges
370 1728 480 1774 exactos
489 1715 570 1791 jussu
583 1715 704 1793 populi)
724 1715 858 1774 sinceram
876 1735 987 1773 servare
1004 1714 1052 1792 pri·

116 1795 207 1852 ‘vatis
224 1795 345 1852 consiliis
365 1815 420 1852 non
441 1796 582 1871 poteratis,
603 1815 654 1853 neo
675 1797 803 1852 ducendo
817 1815 851 1852 ex
864 1795 957 1870 plebe,
971 1813 1052 1870 nequo

115 1880 127 1924 ‘.
136 1885 241 1932 vestras
254 1876 323 1954 filios
338 1895 499 1950 sororesque
510 1876 630 1932 enubere
643 1873 784 1932 sinendos
795 1874 948 1933 Patribus?
970 1873 1051 1931 Nemo

116 1955 261 2028 ‘plebeius
281 1955 411 2031 patriciae
425 1954 525 2029 virgini
541 1955 596 2010 rim
613 1953 744 2012 afferretc
758 1953 942 2030 patriciorum
959 1953 1052 2010 istali·

117 2034 205 2091 ‘bido
225 2047 276 2092 est.
317 2033 409 2092 Nemo
426 2035 542 2090 inritum
556 2033 711 2110 pactionem
726 2032 875 2109 nuptialem
890 2050 1049 2107 quemquam

116 2115 228 2172 ‘lacero
247 2113 391 2189 coegisset.
432 2113 536 2170 Verium
556 2113 629 2170 enim
647 2108 712 2168 rerd
732 2112 794 2186 lege
814 2111 843 2168 id
859 2111 1007 2187 prohiberi,
1024 2123 1048 2167 et

51 2237 53 2244 .
116 2198 124 2224 ‘
138 2193 307 2250 connubium
321 2193 379 2249 tolli
395 2193 507 2250 Petrum
521 2211 554 2249 ec
564 2193 659 2268 plebis,
669 2192 698 2248 id
706 2192 817 2248 demum
827 2191 1047 2248 contumeliosum

117 2272 212 2348 ‘plebi
232 2284 283 2328 est.
324 2271 383 2328 Cur
402 2273 475 2328 enim
490 2291 544 2328 non
559 2271 717 2338 confertis²,
738 2290 772 2327 ne
786 2269 823 2328 sit
836 2271 1001 2328 connubium
1014 2269 1048 2326 di·

118 2356 128 2399 ‘·
140 2349 242 2406 vitibus
262 2369 295 2408 ac
315 2350 504 2426 pauperibus?
526 2351 610 2414 Quod
626 2349 794 2426 privatorum
808 2349 985 2406 consiliorum
997 2347 1047 2404 ubi·

117 2435 125 2461 ‘
140 2447 194 2504 qne
207 2447 316 2504 semper
329 2429 389 2497 luit,
404 2441 444 2496 ut,
458 2429 486 2486 in
500 2449 582 2504 quam
591 2429 691 2504 cuique
702 2429 818 2486 seruisse
827 2427 1047 2486 convenissetdo·

117 2514 126 2540 ‘
139 2528 226 2576 mum,
246 2509 371 2574 nuberet,
392 2528 428 2564 ex
441 2509 495 2582 qud
515 2521 612 2582 pactus
630 2520 702 2564 esset
714 2507 755 2563 vir
769 2508 860 2575 domo,
875 2508 904 2564 in
920 2507 1045 2566 matrimo-

118 2588 215 2644 ‘nium
237 2587 367 2653 duceret;
387 2587 415 2644 id
431 2607 478 2644 vos
498 2589 549 2644 sub
567 2587 635 2662 legis
648 2586 858 2662 superbissimae
872 2588 980 2646 vincula
992 2603 1044 2643 coo·

118 2673 125 2724 ⁴,
136 2665 231 2742 jicitis,
251 2667 307 2741 qui
327 2665 459 2724 dirimatis
480 2667 639 2726 societatem
660 2667 777 2734 civilem,
798 2667 923 2741 duasque
946 2686 982 2724 ex
999 2663 1044 2720 uni

119 2745 252 2804 ‘civitate
271 2745 385 2802 faciatis.
427 2745 485 2804 Cur
505 2765 561 2802 non
581 2745 701 2810 sancitis,
721 2765 759 2802 ne
775 2745 879 2802 vicinus
894 2744 1004 2822 patricio
1015 2741 1045 2799 sit

119 2829 127 2856 ‘
142 2825 290 2900 plebeius?
310 2845 345 2882 ae
359 2825 456 2884 eodem
471 2825 644 2882 itinereeat?
665 2844 700 2882 ue
710 2823 783 2880 idem
793 2824 951 2882 convivium
959 2821 1044 2882 ineat?

119 2909 126 2936 ‘
140 2922 176 2960 ne
195 2903 224 2960 in
244 2905 304 2961 foro
323 2905 420 2962 eodem
442 2904 596 2962 consistat?
618 2903 694 2967 Quid
708 2903 781 2960 enim
795 2903 823 2959 in
837 2923 868 2960 re
880 2916 924 2960 est
936 2903 1013 2967 eliud,
1025 2899 1045 2953 ri

119 2987 126 3014 ‘
140 2983 276 3059 plebeiam
290 2983 421 3058 patricius
435 2984 552 3051 duxerit,
564 2983 587 3038 i
595 2983 737 3058 patriciam
747 2981 893 3058 plebeius?
914 2983 978 3058 quid
983 2979 1043 3058 juris

117 3063 251 3124 ‘taudem
272 3062 416 3119 mutatur?
437 3081 537 3138 nempe
557 3076 663 3134 patrem
680 3073 833 3136 sequuntur
860 3061 946 3120 liberi.
987 3059 1041 3122 Nec

116 3143 213 3216 ‘quod
232 3161 282 3197 nos
302 3161 337 3198 ex
351 3141 488 3197 connubio
501 3154 591 3197 vestro
606 3153 739 3216 petamus,
755 3141 901 3216 quicquam
915 3153 965 3207 est,
978 3157 1041 3215 prae·
1088 3149 1089 3189 l

116 3224 125 3252 ‘
139 3233 263 3295 terquam
284 3231 316 3275 ut
336 3219 487 3286 hominum,
501 3233 534 3276 ut
547 3220 647 3277 civium
662 3239 778 3276 numero
791 3221 885 3276 simus.
926 3219 992 3286 Nec,
1003 3234 1043 3271 vot

124 3373 126 3378 .
149 3333 156 3362 ¹
176 3337 296 3395 Relegatio
314 3330 334 3377 is
351 3330 436 3393 simple
453 3332 612 3389 banishment,
632 3332 734 3380 without
750 3333 790 3380 the
808 3331 956 3396 deprirution
974 3329 999 3378 of
1011 3329 1043 3376 the

105 3401 189 3464 'rights
200 3402 229 3449 ot*
237 3398 392 3460 citizenship:
414 3402 532 3449 Erss'lium
543 3399 639 3462 implies
655 3401 724 3450 both.
796 3397 806 3424 ²
824 3401 946 3466 Confer-tis,
964 3395 1040 3462 (fertis,

113 3468 182 3530 com)
193 3479 217 3517 ot
229 3469 269 3517 the
280 3467 345 3515 sarn'e
356 3465 413 3530 time
424 3481 478 3528 pass
489 3482 504 3514 a
514 3467 567 3515 low.
