2262 3858
11 471 13 542 l

469 219 594 280 LIBER
610 220 651 280 ,v‚
965 225 1024 284 tta

83 397 197 455 rumque
207 388 346 438 tectorum
357 399 390 438 ac
397 379 529 448 locorum,
538 377 751 457 praeponebant.
772 382 847 446 Quin
858 383 904 442 illa
914 380 1025 460 quiaque

76 460 148 518 actio
167 460 340 526 movebatur,
360 479 431 534 quae
450 472 513 535 pest
533 473 641 535 ceptam
659 460 755 536 utique
771 463 888 521 Romam
903 483 920 521 a
934 463 1023 522 Gallis

11 555 13 564 ’
76 539 238 596 celebratior
251 539 313 606 fuit,
328 539 539 614 transmigrandi
557 539 651 615 Vejos.
686 539 825 608 Ceterum,
840 544 938 618 partim
949 543 1022 620 plebi

11 659 13 704 l

11 611 12 656 ³
76 619 173 694 partim
186 618 295 674 renatui
306 619 480 675 destinabant
489 616 652 681 habitandos
663 618 766 692 Vejos;
783 631 790 654 ‘
803 621 926 696 duasque
939 625 1021 680 urbes

11 705 13 774 ξ
77 697 254 755 ‘eommunis
268 695 435 773 reipublicae
449 697 532 754 incoli
545 717 562 754 a
575 699 677 774 populo
693 698 821 756 Romano
834 701 931 776 posse.'
960 703 1022 759 Ad·

11 821 12 824 .
76 783 170 834 versus
184 795 257 851 quae
271 795 357 850 quum
370 776 517 853 optimates
531 777 569 834 ita
582 779 735 843 tenderent,
755 791 788 835 ut
802 787 809 813 ‘
824 781 971 838 morituros
991 801 1021 838 se

11 889 12 918 r
77 855 187 914 ‘citius’
203 857 336 924 dicerent,
355 865 362 890 ⁶
377 856 405 912 in
425 869 575 932 conspectu
589 857 684 933 populi
699 857 827 924 Romani,
849 859 930 934 qndm
945 861 1022 935 quio·

11 947 13 1006 ξ
77 943 182 1011 ‘quam
203 955 299 992 earum
320 955 411 992 rerum
431 948 581 1010 rogaretur.
622 937 733 1013 Quippe
753 957 826 996 nunc
840 939 867 994 in
885 939 1022 997 anburbe

78 1023 208 1072 ‘tamum
223 1015 425 1072 dissensionum
440 1035 509 1082 esse,
531 1015 598 1090 quid
611 1016 639 1071 in
654 1018 760 1072 duabus
773 1017 854 1074 fore?
875 1017 1022 1076 Victamne

78 1093 149 1150 ‘ut¹
165 1093 312 1168 quisquam
326 1093 432 1152 victrici
446 1094 550 1170 patriae
564 1095 734 1170 praeferret?
757 1097 921 1172 sineretque,
938 1097 1022 1174 majo·

78 1180 157 1231 ‘rem
172 1175 312 1230 fortunam
327 1173 413 1249 captis
434 1192 494 1230 esse
508 1173 594 1248 Vejis,
615 1176 697 1250 quam
719 1175 901 1232 incolumibus
915 1177 1021 1235 fuerit?

78 1259 85 1287 ‘
100 1249 258 1320 Postremo,
269 1273 299 1310 se
312 1252 429 1328 relinqui
443 1253 574 1309 acivibus
583 1254 611 1309 in
620 1255 707 1328 patriti
717 1273 813 1330 posse:
827 1267 860 1312 ut
869 1255 1025 1331 relinquant

79 1331 219 1408 ‘patriam
233 1344 317 1407 etque
331 1333 413 1398 cives,
428 1332 530 1388 nullam
542 1332 596 1388 vim
610 1352 729 1407 unquam
740 1335 931 1401 subacturum
951 1348 980 1393 et
989 1337 1024 1393 Τ.

78 1409 248 1470 ‘Sicinium’
263 1413 302 1485 (ie
316 1412 389 1468 euim
410 1429 446 1467 ax
465 1410 583 1468 tribunis
599 1412 687 1488 plebis
707 1414 855 1488 rogationis
875 1415 934 1489 ejus
954 1416 1024 1472 letor

78 1490 152 1567 erut)
167 1499 175 1525 ‘
191 1491 363 1548 conditorem
376 1488 460 1565 Vejos
469 1502 627 1565 aequantur,
642 1493 737 1549 relicto
748 1492 812 1551 Deo
826 1495 955 1564 Romulo,
967 1495 1025 1553 Dei

80 1571 166 1637 ‘filio
183 1582 298 1646 parente
311 1585 340 1628 at
353 1581 465 1627 auctore
479 1571 554 1627 urbis
568 1571 675 1629 Romae
684 1570 779 1638 ;’--

116 1649 216 1706 XXV.
249 1649 329 1707 Haec
342 1669 427 1723 quum
449 1649 537 1706 foedis
556 1651 751 1708 certaminibus
770 1665 924 1728 egerentur,
945 1657 1024 1730 (nem

79 1741 186 1804 partem
209 1729 381 1786 tribunorum
404 1729 492 1804 plebis
507 1729 603 1787 Patres
621 1731 648 1786 in
667 1751 744 1788 suam
767 1733 930 1789 sententiam
952 1745 1025 1790 trax·

80 1808 185 1884 erant,)
210 1809 286 1868 nulla
304 1829 349 1866 res
372 1808 424 1865 alia
445 1808 570 1865 manibus
593 1823 746 1886 temperare
768 1812 875 1887 plebem
900 1813 1027 1887 cogebat,

80 1887 162 1962 qulam
178 1885 264 1964 qnbd,
278 1888 328 1945 ubi
341 1887 416 1944 rixae
430 1887 643 1945 committendae
652 1889 844 1946 causbclamor
854 1903 930 1946 ortus
944 1903 1026 1958 esset,

80 1968 221 2044 principes
234 1967 355 2036 senatis,
366 1966 448 2043 primi
461 1967 557 2024 turbae
570 1967 717 2025 efferentes
727 1987 765 2033 se,
774 1971 840 2044 peti,
851 1970 934 2036 feriri,
943 1982 1026 2044 atque

80 2048 172 2106 occidi
180 2047 327 2124 jubebant.
368 2045 416 2103 Ab
430 2044 527 2102 borum
542 2048 677 2103 aetatibus
691 2048 924 2122 dignitatibusque
938 2061 967 2105 et
977 2049 1026 2104 bo·

80 2127 196 2184 neribus
206 2126 340 2195 violandis
354 2128 420 2183 dum
435 2124 631 2192 abstinebatur,
643 2140 672 2184 et
684 2127 719 2183 ad
733 2127 851 2202 reliquos
865 2127 967 2184 similes
981 2147 1026 2184 eo·

80 2221 162 2263 natus
178 2207 344 2264 verecundia
356 2205 412 2262 irae
426 2205 569 2270 obstabat3
591 2206 722 2264 Camillus
735 2205 886 2262 identidem
901 2207 1028 2264 omnibus

81 2285 149 2343 locis
164 2286 396 2343 concionabatur:
417 2282 526 2340 ‘Haud
547 2284 646 2341 mirum
667 2285 695 2342 id
716 2285 826 2360 quidem
848 2305 917 2353 esse,
937 2286 1028 2344 furere

82 2365 257 2430 ‘civitatem
279 2384 359 2440 quae,
380 2365 509 2420 damnata
529 2364 619 2432 voti²,‘
639 2365 760 2420 omnium
782 2385 873 2422 rerum
893 2367 1028 2440 potiorem

84 2451 212 2511 ‘curam
227 2443 310 2519 quam
320 2444 452 2518 religione
466 2461 496 2498 se
509 2443 677 2510 exsolvendi,
687 2443 795 2502 babeat.
837 2445 913 2502 Nihil
924 2447 959 2502 de
973 2447 1029 2502 ool·

83 2524 210 2581 ‘latione
224 2525 324 2592 dicere,
345 2519 444 2598 stipie⁵
458 2522 556 2590 veritis,
568 2522 649 2598 quam
661 2525 812 2592 decumae;
833 2526 942 2600 quando
956 2525 989 2581 eti
999 2545 1029 2582 se
1119 2583 1120 2598 ,

83 2609 91 2636 ‘
105 2604 226 2678 quiaque
240 2603 365 2678 privatim
380 2601 550 2676 obligaverit,
571 2604 700 2660 liberatus
714 2604 750 2660 sit
764 2606 891 2680 populus.
932 2603 1029 2661 Enim·

84 2689 92 2716 ‘
107 2703 184 2748 vero,
198 2682 267 2738 illud
280 2703 310 2739 ee
324 2696 423 2747 tacere,
444 2694 521 2737 suam
539 2683 733 2764 censcieptiam
748 2703 801 2738 non
817 2684 889 2758 pati;
907 2679 981 2758 qubd
995 2703 1031 2742 ex
1059 2741 1064 2746 ,

84 2767 92 2796 ‘
106 2763 141 2820 eit
154 2762 263 2818 tantiam
276 2761 384 2838 praedi,
399 2779 573 2836 quaererem
588 2759 783 2818 moventium⁴
797 2763 841 2828 sit,
859 2763 974 2820 decuma
983 2764 1031 2820 de·

84 2850 92 2877 ⁴
107 2843 250 2918 signetur:
271 2841 346 2898 urbis
360 2853 443 2916 atque
457 2838 514 2913 agri
528 2841 609 2916 capti,
619 2859 689 2915 quae
703 2853 732 2898 et
745 2841 805 2917 ipsa
814 2853 880 2898 vote
890 2841 1030 2900 continea-

120 2956 128 2984 ¹
149 2955 195 3004 see
212 2973 236 3016 p.
251 2955 307 3010 229,
327 2964 383 3002 note
400 2955 425 3004 ἃ
500 2953 510 2981 ¹
529 2955 565 3002 As
582 2969 652 3018 every
663 2969 716 3002 vow
728 2970 776 3000 was
787 2953 902 3017 regarded
915 2971 941 3003 as
952 2972 966 3003 a
977 2958 1030 3003 bar-

85 3023 142 3088 gain
161 3026 271 3070 between
289 3025 328 3070 the
345 3023 482 3086 supplicant
495 3021 542 3072 and
556 3023 596 3070 the
608 3021 689 3070 divine
700 3037 787 3082 power,
806 3023 830 3068 in
844 3023 920 3071 which
933 3025 973 3072 the
985 3040 1031 3072 one

84 3091 174 3154 agreed
192 3101 218 3138 to
235 3091 340 3154 perform
358 3109 372 3139 a
389 3092 477 3139 certain
489 3101 535 3148 act,
548 3089 662 3152 provided
674 3092 713 3137 the
724 3092 792 3139 other
803 3091 902 3152 granted
916 3107 930 3138 a
942 3094 1031 3139 certain

85 3159 180 3212 favour,
195 3161 235 3206 the
247 3159 359 3208 bestowal
371 3159 400 3206 of
414 3161 454 3208 the
464 3160 550 3208 favour
560 3157 631 3206 made
642 3159 681 3206 the
697 3157 861 3220 performence
872 3159 901 3205 uf
916 3161 956 3206 the
968 3175 1032 3206 row-

87 3227 118 3275 ed
134 3236 175 3276 act
191 3243 207 3274 a
221 3227 285 3276 debt.
331 3228 418 3276 Hence
434 3229 493 3275 such
510 3227 659 3288 expressione
675 3243 701 3274 as
718 3230 819 3289 obligare
834 3231 900 3282 votis,
917 3232 1032 3278 danrnore

87 3300 153 3348 notis,
173 3304 198 3342 to
216 3304 286 3358 grant
297 3297 337 3343 tbe
349 3293 441 3342 desired
453 3295 544 3348 favour,
558 3293 605 3340 and
614 3295 670 3340 thus
687 3304 713 3342 to
723 3294 808 3342 render
819 3296 859 3342 tbe
870 3310 949 3340 vower
960 3294 1032 3342 lieble

87 3363 113 3410 in
129 3364 171 3410 tbe
189 3364 353 3424 performance
365 3363 394 3410 of
407 3363 444 3410 bis
460 3372 513 3424 part
529 3365 559 3410 of
572 3363 612 3408 the
628 3362 734 3424 bargain.
805 3362 815 3390 ³
832 3367 839 3391 ‘
858 3360 917 3407 This
928 3361 993 3406 word
1012 3363 1032 3408 is

89 3430 208 3493 ‘usually
220 3441 264 3492 put
274 3431 313 3478 for
330 3447 344 3478 a
361 3431 430 3477 small
447 3431 510 3489 coin,
522 3446 548 3477 aa
560 3445 595 3476 we
607 3445 648 3490 say
660 3445 674 3476 a
685 3443 766 3491 penny
776 3445 804 3477 or
815 3427 929 3488 sarthing,
941 3428 1030 3475 oll'ered

89 3505 96 3529 ‘
109 3509 134 3546 to
152 3499 193 3546 the
211 3499 279 3562 gode,
296 3508 322 3546 at
337 3512 419 3560 gemes
435 3513 463 3546 or
472 3499 512 3546 the
523 3497 579 3552 like,
590 3513 619 3544 or
627 3496 698 3560 given
710 3511 736 3543 as
747 3511 777 3542 an
788 3495 849 3542 alma
861 3503 885 3539 to
896 3508 910 3538 o
922 3497 1030 3555 beggar.'

88 3569 126 3618 Dr
142 3569 235 3618 Atreu.
305 3567 627 3628 ⁴Quaemoreriposeuut.
665 3566 755 3626 Nepos,
769 3559 984 3618 Themistocleum.
1021 3579 1025 3591 ·
