<?xml version="1.0" encoding="UTF-8"?>
<!DOCTYPE html PUBLIC "-//W3C//DTD XHTML 1.0 Transitional//EN"
    "http://www.w3.org/TR/xhtml1/DTD/xhtml1-transitional.dtd">
<html xmlns="http://www.w3.org/1999/xhtml" xml:lang="en" lang="en">
 <head>
  <title>
</title>
<meta http-equiv="Content-Type" content="text/html;charset=utf-8" />
  <meta name='ocr-system' content='tesseract 3.04.00' />
  <meta name='ocr-capabilities' content='ocr_page ocr_carea ocr_par ocr_line ocrx_word'/>
</head>
<body>
  <div class='ocr_page' id='page_1' title='image "./titiliviipatavi04livygoog_0040.png"; bbox 0 0 2232 3862; ppageno 0'>
   <div class='ocr_carea' id='block_1_1' title="bbox 116 227 662 292">
    <p class='ocr_par' dir='ltr' id='par_1_1' title="bbox 116 227 662 292">
     <span class='ocr_line' id='line_1_1' title="bbox 116 227 662 292; baseline 0.004 -4"><span class='ocrx_word' id='word_1_1' title='bbox 116 233 154 288; x_wconf 76' lang='lat'>2⁸</span> <span class='ocrx_word' id='word_1_2' title='bbox 506 231 541 291; x_wconf 93' lang='grc' dir='ltr'>Τ.</span> <span class='ocrx_word' id='word_1_3' title='bbox 563 227 662 292; x_wconf 75' lang='lat' dir='ltr'>Lttsn</span> 
     </span>
    </p>
   </div>
   <div class='ocr_carea' id='block_1_2' title="bbox 105 389 1063 3004">
    <p class='ocr_par' dir='ltr' id='par_1_2' title="bbox 111 389 1063 1023">
     <span class='ocr_line' id='line_1_2' title="bbox 115 389 1062 468; baseline 0.007 -23"><span class='ocrx_word' id='word_1_4' title='bbox 115 389 226 465; x_wconf 84' lang='lat' dir='ltr'>sangnis</span> <span class='ocrx_word' id='word_1_5' title='bbox 245 392 401 468; x_wconf 89' lang='lat' dir='ltr'>speetaoulo</span> <span class='ocrx_word' id='word_1_6' title='bbox 421 405 530 460; x_wconf 86' lang='lat' dir='ltr'>essent;</span> <span class='ocrx_word' id='word_1_7' title='bbox 550 393 606 450; x_wconf 92' lang='lat' dir='ltr'>duo</span> <span class='ocrx_word' id='word_1_8' title='bbox 628 389 755 459; x_wconf 88' lang='lat' dir='ltr'>Romani,</span> <span class='ocrx_word' id='word_1_9' title='bbox 776 403 859 468; x_wconf 85' lang='lat' dir='ltr'>super</span> <span class='ocrx_word' id='word_1_10' title='bbox 871 391 954 450; x_wconf 84' lang='lat' dir='ltr'>aliurn</span> <span class='ocrx_word' id='word_1_11' title='bbox 971 393 1062 461; x_wconf 69' lang='lat' dir='ltr'>alins,</span> 
     </span>
     <span class='ocr_line' id='line_1_3' title="bbox 115 469 1063 550; baseline 0.009 -28"><span class='ocrx_word' id='word_1_12' title='bbox 115 469 263 528; x_wconf 86' lang='lat' dir='ltr'>vulneratis</span> <span class='ocrx_word' id='word_1_13' title='bbox 283 471 370 528; x_wconf 88' lang='lat' dir='ltr'>tribus</span> <span class='ocrx_word' id='word_1_14' title='bbox 385 471 510 540; x_wconf 87' lang='lat' dir='ltr'>Albanis,</span> <span class='ocrx_word' id='word_1_15' title='bbox 531 472 700 548; x_wconf 79' lang='lat' dir='ltr'>exspirantes</span> <span class='ocrx_word' id='word_1_16' title='bbox 713 483 881 529; x_wconf 83' lang='lat' dir='ltr'>corruerunt.</span> <span class='ocrx_word' id='word_1_17' title='bbox 922 473 969 530; x_wconf 91' lang='lat' dir='ltr'>Ad</span> <span class='ocrx_word' id='word_1_18' title='bbox 984 493 1063 550; x_wconf 92' lang='lat' dir='ltr'>quo·</span> 
     </span>
     <span class='ocr_line' id='line_1_4' title="bbox 115 551 1061 627; baseline 0.006 -23"><span class='ocrx_word' id='word_1_19' title='bbox 115 568 176 605; x_wconf 88' lang='lat' dir='ltr'>rum</span> <span class='ocrx_word' id='word_1_20' title='bbox 196 569 290 608; x_wconf 86' lang='lat' dir='ltr'>casum</span> <span class='ocrx_word' id='word_1_21' title='bbox 310 570 395 626; x_wconf 88' lang='lat' dir='ltr'>quum</span> <span class='ocrx_word' id='word_1_22' title='bbox 416 551 612 609; x_wconf 67' lang='lat' dir='ltr'>conclamasset</span> <span class='ocrx_word' id='word_1_23' title='bbox 631 551 732 627; x_wconf 78' lang='lat' dir='ltr'>gaudio</span> <span class='ocrx_word' id='word_1_24' title='bbox 754 551 879 608; x_wconf 86' lang='lat' dir='ltr'>Albanus</span> <span class='ocrx_word' id='word_1_25' title='bbox 905 554 1061 622; x_wconf 75' lang='lat' dir='ltr'>exereitus,</span> 
     </span>
     <span class='ocr_line' id='line_1_5' title="bbox 114 627 1062 706; baseline 0.006 -22"><span class='ocrx_word' id='word_1_26' title='bbox 114 627 256 688; x_wconf 87' lang='lat' dir='ltr'>Romanas</span> <span class='ocrx_word' id='word_1_27' title='bbox 276 631 396 705; x_wconf 80' lang='lat' dir='ltr'>legiones</span> <span class='ocrx_word' id='word_1_28' title='bbox 412 629 470 705; x_wconf 88' lang='lat' dir='ltr'>jam</span> <span class='ocrx_word' id='word_1_29' title='bbox 484 651 546 706; x_wconf 86' lang='lat' dir='ltr'>spes</span> <span class='ocrx_word' id='word_1_30' title='bbox 566 643 633 697; x_wconf 84' lang='lat' dir='ltr'>totu,</span> <span class='ocrx_word' id='word_1_31' title='bbox 648 632 769 688; x_wconf 90' lang='lat' dir='ltr'>nondum</span> <span class='ocrx_word' id='word_1_32' title='bbox 784 642 959 700; x_wconf 79' lang='lat' dir='ltr'>tamencum,</span> <span class='ocrx_word' id='word_1_33' title='bbox 973 633 1062 690; x_wconf 90' lang='lat' dir='ltr'>dese-</span> 
     </span>
     <span class='ocr_line' id='line_1_6' title="bbox 114 709 1060 786; baseline 0.007 -24"><span class='ocrx_word' id='word_1_34' title='bbox 114 721 215 776; x_wconf 90' lang='lat' dir='ltr'>ruerat,</span> <span class='ocrx_word' id='word_1_35' title='bbox 235 710 375 767; x_wconf 88' lang='lat' dir='ltr'>exanimes</span> <span class='ocrx_word' id='word_1_36' title='bbox 388 709 448 766; x_wconf 88' lang='lat' dir='ltr'>vice</span> <span class='ocrx_word' id='word_1_37' title='bbox 467 712 557 777; x_wconf 89' lang='lat' dir='ltr'>unius,</span> <span class='ocrx_word' id='word_1_38' title='bbox 579 729 660 786; x_wconf 89' lang='lat' dir='ltr'>quem</span> <span class='ocrx_word' id='word_1_39' title='bbox 681 723 737 768; x_wconf 87' lang='lat' dir='ltr'>tres</span> <span class='ocrx_word' id='word_1_40' title='bbox 758 709 874 768; x_wconf 89' lang='lat' dir='ltr'>Curiatii</span> <span class='ocrx_word' id='word_1_41' title='bbox 891 709 1060 769; x_wconf 80' lang='lat' dir='ltr'>circumste-</span> 
     </span>
     <span class='ocr_line' id='line_1_7' title="bbox 113 787 1057 867; baseline 0.003 -24"><span class='ocrx_word' id='word_1_42' title='bbox 113 800 211 844; x_wconf 84' lang='lat' dir='ltr'>terant.</span> <span class='ocrx_word' id='word_1_43' title='bbox 253 787 335 845; x_wconf 76' lang='lat' dir='ltr'>Forte</span> <span class='ocrx_word' id='word_1_44' title='bbox 355 789 378 844; x_wconf 81' lang='lat' dir='ltr'>is</span> <span class='ocrx_word' id='word_1_45' title='bbox 398 789 505 863; x_wconf 80' lang='lat' dir='ltr'>integer</span> <span class='ocrx_word' id='word_1_46' title='bbox 516 789 578 858; x_wconf 81' lang='lat' dir='ltr'>luit,</span> <span class='ocrx_word' id='word_1_47' title='bbox 599 802 631 846; x_wconf 90' lang='lat' dir='ltr'>ut</span> <span class='ocrx_word' id='word_1_48' title='bbox 643 789 777 846; x_wconf 86' lang='lat' dir='ltr'>universis</span> <span class='ocrx_word' id='word_1_49' title='bbox 790 789 865 845; x_wconf 89' lang='lat' dir='ltr'>solue</span> <span class='ocrx_word' id='word_1_50' title='bbox 878 807 1057 867; x_wconf 88' lang='lat' dir='ltr'>nequaquam</span> 
     </span>
     <span class='ocr_line' id='line_1_8' title="bbox 114 867 1058 946; baseline 0.004 -24"><span class='ocrx_word' id='word_1_51' title='bbox 114 885 191 940; x_wconf 92' lang='lat' dir='ltr'>par</span> <span class='ocrx_word' id='word_1_52' title='bbox 175 867 181 900; x_wconf 86' lang='lat'><strong>¹</strong></span> <span class='ocrx_word' id='word_1_53' title='bbox 212 867 252 924; x_wconf 89' lang='lat' dir='ltr'>sio</span> <span class='ocrx_word' id='word_1_54' title='bbox 265 868 395 924; x_wconf 81' lang='lat' dir='ltr'>adversus</span> <span class='ocrx_word' id='word_1_55' title='bbox 409 868 557 943; x_wconf 84' lang='lat' dir='ltr'>singulosf</span> <span class='ocrx_word' id='word_1_56' title='bbox 553 888 628 926; x_wconf 88' lang='lat' dir='ltr'>erorr.</span> <span class='ocrx_word' id='word_1_57' title='bbox 670 868 753 944; x_wconf 90' lang='lat' dir='ltr'>Ergo,</span> <span class='ocrx_word' id='word_1_58' title='bbox 768 881 800 924; x_wconf 90' lang='lat' dir='ltr'>ut</span> <span class='ocrx_word' id='word_1_59' title='bbox 813 882 967 943; x_wconf 76' lang='lat' dir='ltr'>segregaret</span> <span class='ocrx_word' id='word_1_60' title='bbox 980 889 1058 946; x_wconf 85' lang='lat' dir='ltr'>pug-</span> 
     </span>
     <span class='ocr_line' id='line_1_9' title="bbox 111 947 1055 1023; baseline 0.006 -23"><span class='ocrx_word' id='word_1_61' title='bbox 111 965 175 1001; x_wconf 89' lang='lat' dir='ltr'>nam</span> <span class='ocrx_word' id='word_1_62' title='bbox 191 966 294 1011; x_wconf 89' lang='lat' dir='ltr'>eorum,</span> <span class='ocrx_word' id='word_1_63' title='bbox 309 947 427 1022; x_wconf 80' lang='lat' dir='ltr'>capessit</span> <span class='ocrx_word' id='word_1_64' title='bbox 439 948 564 1023; x_wconf 85' lang='lat' dir='ltr'>lugam,</span> <span class='ocrx_word' id='word_1_65' title='bbox 578 947 624 1005; x_wconf 85' lang='lat' dir='ltr'>ita</span> <span class='ocrx_word' id='word_1_66' title='bbox 638 955 734 1005; x_wconf 87' lang='lat' dir='ltr'>ratus‘</span> <span class='ocrx_word' id='word_1_67' title='bbox 747 960 898 1012; x_wconf 82' lang='lat' dir='ltr'>secuturos,</span> <span class='ocrx_word' id='word_1_68' title='bbox 913 959 945 1004; x_wconf 93' lang='lat' dir='ltr'>ut</span> <span class='ocrx_word' id='word_1_69' title='bbox 955 967 1055 1023; x_wconf 88' lang='lat' dir='ltr'>quem</span> 
     </span>
    </p>

    <p class='ocr_par' dir='ltr' id='par_1_3' title="bbox 105 1025 1053 3004">
     <span class='ocr_line' id='line_1_10' title="bbox 114 1025 1053 1119; baseline 0.003 -38.07"><span class='ocrx_word' id='word_1_70' title='bbox 114 1031 188 1116; x_wconf 90' lang='lat' dir='ltr'>‘que</span> <span class='ocrx_word' id='word_1_71' title='bbox 202 1027 314 1082; x_wconf 88' lang='lat' dir='ltr'>vulnere</span> <span class='ocrx_word' id='word_1_72' title='bbox 327 1025 456 1083; x_wconf 86' lang='lat' dir='ltr'>affectum</span> <span class='ocrx_word' id='word_1_73' title='bbox 467 1046 567 1102; x_wconf 83' lang='lat' dir='ltr'>corpus</span> <span class='ocrx_word' id='word_1_74' title='bbox 578 1027 695 1084; x_wconf 64' lang='lat' dir='ltr'>sineret!</span> <span class='ocrx_word' id='word_1_75' title='bbox 735 1025 800 1084; x_wconf 84' lang='lat' dir='ltr'>Jam</span> <span class='ocrx_word' id='word_1_76' title='bbox 809 1027 976 1119; x_wconf 77' lang='lat' dir='ltr'>aliquantum</span> <span class='ocrx_word' id='word_1_77' title='bbox 988 1047 1053 1104; x_wconf 86' lang='lat' dir='ltr'>spa·</span> 
     </span>
     <span class='ocr_line' id='line_1_11' title="bbox 112 1103 1053 1182; baseline 0.005 -24"><span class='ocrx_word' id='word_1_78' title='bbox 112 1103 144 1158; x_wconf 88' lang='lat' dir='ltr'>tii</span> <span class='ocrx_word' id='word_1_79' title='bbox 164 1123 198 1160; x_wconf 86' lang='lat' dir='ltr'>ox</span> <span class='ocrx_word' id='word_1_80' title='bbox 212 1123 247 1160; x_wconf 85' lang='lat' dir='ltr'>eo</span> <span class='ocrx_word' id='word_1_81' title='bbox 260 1105 329 1170; x_wconf 87' lang='lat' dir='ltr'>loeo,</span> <span class='ocrx_word' id='word_1_82' title='bbox 344 1105 391 1161; x_wconf 93' lang='lat' dir='ltr'>ubi</span> <span class='ocrx_word' id='word_1_83' title='bbox 405 1120 557 1181; x_wconf 78' lang='lat' dir='ltr'>pugnatum</span> <span class='ocrx_word' id='word_1_84' title='bbox 571 1119 621 1173; x_wconf 88' lang='lat' dir='ltr'>est,</span> <span class='ocrx_word' id='word_1_85' title='bbox 636 1107 787 1181; x_wconf 79' lang='lat' dir='ltr'>aufugerat,</span> <span class='ocrx_word' id='word_1_86' title='bbox 802 1125 887 1180; x_wconf 89' lang='lat' dir='ltr'>quum</span> <span class='ocrx_word' id='word_1_87' title='bbox 901 1107 1053 1182; x_wconf 79' lang='lat' dir='ltr'>respiciens</span> 
     </span>
     <span class='ocr_line' id='line_1_12' title="bbox 112 1182 1053 1260; baseline 0.009 -25"><span class='ocrx_word' id='word_1_88' title='bbox 112 1182 188 1239; x_wconf 86' lang='lat' dir='ltr'>videt</span> <span class='ocrx_word' id='word_1_89' title='bbox 201 1183 307 1259; x_wconf 85' lang='lat' dir='ltr'>magnis</span> <span class='ocrx_word' id='word_1_90' title='bbox 321 1183 469 1241; x_wconf 86' lang='lat' dir='ltr'>intervallis</span> <span class='ocrx_word' id='word_1_91' title='bbox 478 1199 640 1260; x_wconf 83' lang='lat' dir='ltr'>sequentes:</span> <span class='ocrx_word' id='word_1_92' title='bbox 661 1205 747 1244; x_wconf 88' lang='lat' dir='ltr'>nuum</span> <span class='ocrx_word' id='word_1_93' title='bbox 757 1184 830 1242; x_wconf 87' lang='lat' dir='ltr'>haud</span> <span class='ocrx_word' id='word_1_94' title='bbox 840 1185 933 1260; x_wconf 84' lang='lat' dir='ltr'>procul</span> <span class='ocrx_word' id='word_1_95' title='bbox 944 1187 978 1242; x_wconf 91' lang='lat' dir='ltr'>ab</span> <span class='ocrx_word' id='word_1_96' title='bbox 987 1205 1053 1243; x_wconf 89' lang='lat' dir='ltr'>sese</span> 
     </span>
     <span class='ocr_line' id='line_1_13' title="bbox 111 1262 1053 1341; baseline 0.005 -24"><span class='ocrx_word' id='word_1_97' title='bbox 111 1262 216 1320; x_wconf 85' lang='lat' dir='ltr'>abesse.</span> <span class='ocrx_word' id='word_1_98' title='bbox 256 1262 288 1318; x_wconf 92' lang='lat' dir='ltr'>In</span> <span class='ocrx_word' id='word_1_99' title='bbox 303 1281 365 1320; x_wconf 88' lang='lat' dir='ltr'>eum</span> <span class='ocrx_word' id='word_1_100' title='bbox 381 1283 480 1338; x_wconf 87' lang='lat' dir='ltr'>magno</span> <span class='ocrx_word' id='word_1_101' title='bbox 493 1265 599 1341; x_wconf 88' lang='lat' dir='ltr'>impetu</span> <span class='ocrx_word' id='word_1_102' title='bbox 612 1265 709 1331; x_wconf 90' lang='lat' dir='ltr'>rediit;</span> <span class='ocrx_word' id='word_1_103' title='bbox 729 1278 766 1332; x_wconf 91' lang='lat' dir='ltr'>et,</span> <span class='ocrx_word' id='word_1_104' title='bbox 781 1265 847 1320; x_wconf 89' lang='lat' dir='ltr'>dum</span> <span class='ocrx_word' id='word_1_105' title='bbox 862 1264 987 1320; x_wconf 88' lang='lat' dir='ltr'>Albanus</span> <span class='ocrx_word' id='word_1_106' title='bbox 1000 1285 1053 1322; x_wconf 84' lang='lat' dir='ltr'>ex-</span> 
     </span>
     <span class='ocr_line' id='line_1_14' title="bbox 111 1340 1050 1426; baseline 0.004 -30"><span class='ocrx_word' id='word_1_107' title='bbox 111 1340 213 1398; x_wconf 88' lang='lat' dir='ltr'>ercitus</span> <span class='ocrx_word' id='word_1_108' title='bbox 227 1341 357 1400; x_wconf 87' lang='lat' dir='ltr'>inclamat</span> <span class='ocrx_word' id='word_1_109' title='bbox 372 1341 533 1409; x_wconf 73' lang='lat' dir='ltr'>Curiatiis,</span> <span class='ocrx_word' id='word_1_110' title='bbox 546 1345 588 1400; x_wconf 86' lang='lat' dir='ltr'>utr</span> <span class='ocrx_word' id='word_1_111' title='bbox 596 1363 676 1420; x_wconf 88' lang='lat' dir='ltr'>opem</span> <span class='ocrx_word' id='word_1_112' title='bbox 688 1344 775 1401; x_wconf 89' lang='lat' dir='ltr'>lerant</span> <span class='ocrx_word' id='word_1_113' title='bbox 784 1341 877 1400; x_wconf 77' lang='lat' dir='ltr'>fratr</span> <span class='ocrx_word' id='word_1_114' title='bbox 852 1362 868 1410; x_wconf 91' lang='lat' dir='ltr'>r,</span> <span class='ocrx_word' id='word_1_115' title='bbox 886 1342 950 1426; x_wconf 87' lang='lat' dir='ltr'>jatn</span> <span class='ocrx_word' id='word_1_116' title='bbox 956 1343 1050 1400; x_wconf 82' lang='lat' dir='ltr'>Hora·</span> 
     </span>
     <span class='ocr_line' id='line_1_15' title="bbox 110 1420 1050 1499; baseline 0.005 -25"><span class='ocrx_word' id='word_1_117' title='bbox 110 1420 174 1484; x_wconf 90' lang='lat' dir='ltr'>tius,</span> <span class='ocrx_word' id='word_1_118' title='bbox 195 1439 275 1478; x_wconf 86' lang='lat' dir='ltr'>caeso</span> <span class='ocrx_word' id='word_1_119' title='bbox 296 1421 374 1478; x_wconf 86' lang='lat' dir='ltr'>hosta</span> <span class='ocrx_word' id='word_1_120' title='bbox 387 1422 482 1489; x_wconf 88' lang='lat' dir='ltr'>victor,</span> <span class='ocrx_word' id='word_1_121' title='bbox 503 1425 650 1480; x_wconf 83' lang='lat' dir='ltr'>secundam</span> <span class='ocrx_word' id='word_1_122' title='bbox 672 1441 793 1499; x_wconf 87' lang='lat' dir='ltr'>pugnarn</span> <span class='ocrx_word' id='word_1_123' title='bbox 815 1423 935 1499; x_wconf 82' lang='lat' dir='ltr'>petebat.</span> <span class='ocrx_word' id='word_1_124' title='bbox 974 1421 1050 1479; x_wconf 86' lang='lat' dir='ltr'>Tum</span> 
     </span>
     <span class='ocr_line' id='line_1_16' title="bbox 111 1498 1051 1577; baseline 0.005 -23"><span class='ocrx_word' id='word_1_125' title='bbox 111 1498 237 1566; x_wconf 86' lang='lat' dir='ltr'>elamore,</span> <span class='ocrx_word' id='word_1_126' title='bbox 256 1502 343 1575; x_wconf 84' lang='lat' dir='ltr'>qualis</span> <span class='ocrx_word' id='word_1_127' title='bbox 361 1521 397 1557; x_wconf 89' lang='lat' dir='ltr'>ex</span> <span class='ocrx_word' id='word_1_128' title='bbox 416 1501 555 1577; x_wconf 88' lang='lat' dir='ltr'>insperato</span> <span class='ocrx_word' id='word_1_129' title='bbox 573 1503 723 1559; x_wconf 83' lang='lat' dir='ltr'>faventium</span> <span class='ocrx_word' id='word_1_130' title='bbox 742 1501 845 1568; x_wconf 77' lang='lat' dir='ltr'>solet²,</span> <span class='ocrx_word' id='word_1_131' title='bbox 869 1501 984 1558; x_wconf 84' lang='lat' dir='ltr'>Romani</span> <span class='ocrx_word' id='word_1_132' title='bbox 999 1503 1051 1559; x_wconf 83' lang='lat' dir='ltr'>erl·</span> 
     </span>
     <span class='ocr_line' id='line_1_17' title="bbox 105 1576 1050 1658; baseline 0.005 -25"><span class='ocrx_word' id='word_1_133' title='bbox 105 1576 205 1652; x_wconf 86' lang='lat' dir='ltr'>juvant</span> <span class='ocrx_word' id='word_1_134' title='bbox 219 1580 334 1636; x_wconf 89' lang='lat' dir='ltr'>militem</span> <span class='ocrx_word' id='word_1_135' title='bbox 349 1600 448 1637; x_wconf 87' lang='lat' dir='ltr'>suurn:</span> <span class='ocrx_word' id='word_1_136' title='bbox 469 1594 498 1638; x_wconf 88' lang='lat' dir='ltr'>et</span> <span class='ocrx_word' id='word_1_137' title='bbox 511 1582 557 1638; x_wconf 90' lang='lat' dir='ltr'>ille</span> <span class='ocrx_word' id='word_1_138' title='bbox 569 1581 681 1655; x_wconf 76' lang='lat' dir='ltr'>defungi</span> <span class='ocrx_word' id='word_1_139' title='bbox 695 1581 802 1658; x_wconf 88' lang='lat' dir='ltr'>proelio</span> <span class='ocrx_word' id='word_1_140' title='bbox 812 1581 930 1638; x_wconf 85' lang='lat' dir='ltr'>festinat.</span> <span class='ocrx_word' id='word_1_141' title='bbox 968 1580 1050 1638; x_wconf 75' lang='lat' dir='ltr'>Prius</span> 
     </span>
     <span class='ocr_line' id='line_1_18' title="bbox 110 1657 1050 1736; baseline 0.006 -24"><span class='ocrx_word' id='word_1_142' title='bbox 110 1657 211 1732; x_wconf 89' lang='lat' dir='ltr'>itaque,</span> <span class='ocrx_word' id='word_1_143' title='bbox 226 1659 307 1734; x_wconf 77' lang='lat' dir='ltr'>quarn</span> <span class='ocrx_word' id='word_1_144' title='bbox 322 1659 398 1726; x_wconf 89' lang='lat' dir='ltr'>alter,</span> <span class='ocrx_word' id='word_1_145' title='bbox 413 1660 461 1734; x_wconf 91' lang='lat' dir='ltr'>qui</span> <span class='ocrx_word' id='word_1_146' title='bbox 474 1679 526 1717; x_wconf 87' lang='lat' dir='ltr'>nen</span> <span class='ocrx_word' id='word_1_147' title='bbox 538 1661 633 1736; x_wconf 88' lang='lat' dir='ltr'>procul</span> <span class='ocrx_word' id='word_1_148' title='bbox 647 1661 748 1727; x_wconf 89' lang='lat' dir='ltr'>aberat,</span> <span class='ocrx_word' id='word_1_149' title='bbox 763 1661 893 1734; x_wconf 75' lang='lat' dir='ltr'>consequi</span> <span class='ocrx_word' id='word_1_150' title='bbox 907 1671 1007 1736; x_wconf 84' lang='lat' dir='ltr'>posset,</span> <span class='ocrx_word' id='word_1_151' title='bbox 1018 1675 1050 1718; x_wconf 91' lang='lat' dir='ltr'>et</span> 
     </span>
     <span class='ocr_line' id='line_1_19' title="bbox 108 1735 1049 1832; baseline 0.004 -40"><span class='ocrx_word' id='word_1_152' title='bbox 108 1737 225 1794; x_wconf 89' lang='lat' dir='ltr'>altorum</span> <span class='ocrx_word' id='word_1_153' title='bbox 241 1738 394 1796; x_wconf 89' lang='lat' dir='ltr'>Curiatium</span> <span class='ocrx_word' id='word_1_154' title='bbox 407 1735 527 1796; x_wconf 83' lang='lat' dir='ltr'>conficit.</span> <span class='ocrx_word' id='word_1_155' title='bbox 565 1739 693 1814; x_wconf 84' lang='lat' dir='ltr'>Jamque,</span> <span class='ocrx_word' id='word_1_156' title='bbox 708 1752 826 1814; x_wconf 89' lang='lat' dir='ltr'>aequato</span> <span class='ocrx_word' id='word_1_157' title='bbox 836 1737 938 1806; x_wconf 86' lang='lat' dir='ltr'>Marte,</span> <span class='ocrx_word' id='word_1_158' title='bbox 948 1740 1049 1832; x_wconf 76' lang='lat' dir='ltr'>singuli</span> 
     </span>
     <span class='ocr_line' id='line_1_20' title="bbox 109 1817 1051 1896; baseline 0.008 -28"><span class='ocrx_word' id='word_1_159' title='bbox 109 1829 288 1892; x_wconf 86' lang='lat' dir='ltr'>supererant;</span> <span class='ocrx_word' id='word_1_160' title='bbox 308 1819 357 1874; x_wconf 92' lang='lat' dir='ltr'>sed</span> <span class='ocrx_word' id='word_1_161' title='bbox 378 1837 429 1876; x_wconf 89' lang='lat' dir='ltr'>neo</span> <span class='ocrx_word' id='word_1_162' title='bbox 449 1837 507 1894; x_wconf 88' lang='lat' dir='ltr'>spe,</span> <span class='ocrx_word' id='word_1_163' title='bbox 528 1837 581 1875; x_wconf 87' lang='lat' dir='ltr'>neo</span> <span class='ocrx_word' id='word_1_164' title='bbox 599 1819 701 1876; x_wconf 87' lang='lat' dir='ltr'>viribus</span> <span class='ocrx_word' id='word_1_165' title='bbox 721 1837 808 1896; x_wconf 86' lang='lat' dir='ltr'>pares.</span> <span class='ocrx_word' id='word_1_166' title='bbox 848 1817 1012 1886; x_wconf 88' lang='lat' dir='ltr'>Alterum,</span> <span class='ocrx_word' id='word_1_167' title='bbox 1004 1834 1051 1875; x_wconf 88' lang='lat' dir='ltr'>rn-</span> 
     </span>
     <span class='ocr_line' id='line_1_21' title="bbox 108 1897 1048 1973; baseline 0.003 -22"><span class='ocrx_word' id='word_1_168' title='bbox 108 1907 213 1953; x_wconf 87' lang='lat' dir='ltr'>taotum</span> <span class='ocrx_word' id='word_1_169' title='bbox 227 1897 299 1953; x_wconf 83' lang='lat' dir='ltr'>ferro</span> <span class='ocrx_word' id='word_1_170' title='bbox 312 1917 411 1973; x_wconf 87' lang='lat' dir='ltr'>corpus</span> <span class='ocrx_word' id='word_1_171' title='bbox 422 1910 450 1954; x_wconf 91' lang='lat' dir='ltr'>et</span> <span class='ocrx_word' id='word_1_172' title='bbox 462 1898 602 1972; x_wconf 84' lang='lat' dir='ltr'>geminata</span> <span class='ocrx_word' id='word_1_173' title='bbox 610 1898 732 1965; x_wconf 78' lang='lat' dir='ltr'>victoria,</span> <span class='ocrx_word' id='word_1_174' title='bbox 745 1897 879 1955; x_wconf 80' lang='lat' dir='ltr'>leronem</span> <span class='ocrx_word' id='word_1_175' title='bbox 871 1915 900 1954; x_wconf 89' lang='grc' dir='ltr'>ιιι</span> <span class='ocrx_word' id='word_1_176' title='bbox 908 1909 1048 1954; x_wconf 85' lang='lat' dir='ltr'>certarnen</span> 
     </span>
     <span class='ocr_line' id='line_1_22' title="bbox 107 1975 1049 2044; baseline 0.003 -13"><span class='ocrx_word' id='word_1_177' title='bbox 107 1975 219 2032; x_wconf 88' lang='lat' dir='ltr'>tertium</span> <span class='ocrx_word' id='word_1_178' title='bbox 235 1977 353 2034; x_wconf 84' lang='lat' dir='ltr'>dabant:</span> <span class='ocrx_word' id='word_1_179' title='bbox 373 1977 450 2044; x_wconf 88' lang='lat' dir='ltr'>alter,</span> <span class='ocrx_word' id='word_1_180' title='bbox 464 1978 566 2034; x_wconf 85' lang='lat' dir='ltr'>fessum</span> <span class='ocrx_word' id='word_1_181' title='bbox 581 1977 701 2043; x_wconf 88' lang='lat' dir='ltr'>vulnere,</span> <span class='ocrx_word' id='word_1_182' title='bbox 714 1979 817 2034; x_wconf 81' lang='lat' dir='ltr'>fessum</span> <span class='ocrx_word' id='word_1_183' title='bbox 835 1995 917 2032; x_wconf 86' lang='lat' dir='ltr'>eursu</span> <span class='ocrx_word' id='word_1_184' title='bbox 937 1975 1049 2034; x_wconf 86' lang='lat' dir='ltr'>trahens</span> 
     </span>
     <span class='ocr_line' id='line_1_23' title="bbox 106 2053 1049 2202; baseline 0 -12"><span class='ocrx_word' id='word_1_185' title='bbox 106 2055 577 2194; x_wconf 56' lang='lat' dir='ltr'>tfflttltttltlttllttl</span> <span class='ocrx_word' id='word_1_186' title='bbox 590 2053 1049 2202; x_wconf 60' lang='lat' dir='ltr'>ttttttllitltllltltt</span> 
     </span>
     <span class='ocr_line' id='line_1_24' title="bbox 107 2155 1052 2290; baseline 0.002 -21"><span class='ocrx_word' id='word_1_187' title='bbox 107 2214 205 2288; x_wconf 90' lang='lat' dir='ltr'>inquit,</span> <span class='ocrx_word' id='word_1_188' title='bbox 219 2222 228 2248; x_wconf 88' lang='lat'>‘</span> <span class='ocrx_word' id='word_1_189' title='bbox 242 2155 502 2271; x_wconf 77' lang='lat' dir='ltr'>fratrumpMnnibus</span> <span class='ocrx_word' id='word_1_190' title='bbox 515 2215 596 2272; x_wconf 85' lang='lat' dir='ltr'>dedi:</span> <span class='ocrx_word' id='word_1_191' title='bbox 617 2215 728 2271; x_wconf 88' lang='lat' dir='ltr'>tertium</span> <span class='ocrx_word' id='word_1_192' title='bbox 742 2233 840 2271; x_wconf 70' lang='lat' dir='ltr'>musae</span> <span class='ocrx_word' id='word_1_193' title='bbox 849 2175 912 2271; x_wconf 80' lang='lat' dir='ltr'>teth</span> <span class='ocrx_word' id='word_1_194' title='bbox 921 2213 1052 2290; x_wconf 85' lang='lat' dir='ltr'>hujusce,</span> 
     </span>
     <span class='ocr_line' id='line_1_25' title="bbox 107 2291 1049 2368; baseline 0.002 -20"><span class='ocrx_word' id='word_1_195' title='bbox 107 2301 117 2332; x_wconf 53' lang='grc' dir='ltr'><strong>ἱ</strong></span> <span class='ocrx_word' id='word_1_196' title='bbox 131 2305 163 2348; x_wconf 90' lang='grc' dir='ltr'>ιιι</span> <span class='ocrx_word' id='word_1_197' title='bbox 178 2293 321 2349; x_wconf 89' lang='lat' dir='ltr'>Romanus</span> <span class='ocrx_word' id='word_1_198' title='bbox 336 2293 466 2350; x_wconf 86' lang='lat' dir='ltr'>Albano</span> <span class='ocrx_word' id='word_1_199' title='bbox 458 2306 584 2368; x_wconf 84' lang='lat' dir='ltr'>tmperet,</span> <span class='ocrx_word' id='word_1_200' title='bbox 595 2292 683 2350; x_wconf 67' lang='lat' dir='ltr'>dabo!</span> <span class='ocrx_word' id='word_1_201' title='bbox 724 2293 802 2350; x_wconf 77' lang='lat' dir='ltr'>Male</span> <span class='ocrx_word' id='word_1_202' title='bbox 815 2291 960 2350; x_wconf 72' lang='lat' dir='ltr'>sustinenti</span> <span class='ocrx_word' id='word_1_203' title='bbox 970 2311 1049 2350; x_wconf 80' lang='lat' dir='ltr'>erma</span> 
     </span>
     <span class='ocr_line' id='line_1_26' title="bbox 106 2370 1047 2464; baseline 0.001 -38"><span class='ocrx_word' id='word_1_204' title='bbox 106 2371 229 2445; x_wconf 83' lang='lat' dir='ltr'>gladium</span> <span class='ocrx_word' id='word_1_205' title='bbox 249 2375 366 2448; x_wconf 75' lang='lat' dir='ltr'>superne</span> <span class='ocrx_word' id='word_1_206' title='bbox 381 2371 480 2448; x_wconf 86' lang='lat' dir='ltr'>jugulo</span> <span class='ocrx_word' id='word_1_207' title='bbox 494 2372 605 2447; x_wconf 89' lang='lat' dir='ltr'>defigit.</span> <span class='ocrx_word' id='word_1_208' title='bbox 618 2370 757 2464; x_wconf 81' lang='lat' dir='ltr'>jacentem</span> <span class='ocrx_word' id='word_1_209' title='bbox 775 2373 883 2448; x_wconf 88' lang='lat' dir='ltr'>spoliat.</span> <span class='ocrx_word' id='word_1_210' title='bbox 925 2372 1047 2429; x_wconf 83' lang='lat' dir='ltr'>llomani</span> 
     </span>
     <span class='ocr_line' id='line_1_27' title="bbox 107 2449 1048 2528; baseline 0.002 -22"><span class='ocrx_word' id='word_1_211' title='bbox 107 2464 263 2508; x_wconf 84' lang='lat' dir='ltr'>orantesao</span> <span class='ocrx_word' id='word_1_212' title='bbox 275 2451 441 2526; x_wconf 87' lang='lat' dir='ltr'>gratulantes</span> <span class='ocrx_word' id='word_1_213' title='bbox 455 2450 605 2508; x_wconf 80' lang='lat' dir='ltr'>Horatium</span> <span class='ocrx_word' id='word_1_214' title='bbox 619 2452 777 2526; x_wconf 87' lang='lat' dir='ltr'>aoeipinnt:</span> <span class='ocrx_word' id='word_1_215' title='bbox 797 2471 831 2509; x_wconf 91' lang='lat' dir='ltr'>eo</span> <span class='ocrx_word' id='word_1_216' title='bbox 845 2449 966 2528; x_wconf 83' lang='lat' dir='ltr'>majore³</span> <span class='ocrx_word' id='word_1_217' title='bbox 980 2469 1048 2508; x_wconf 86' lang='lat' dir='ltr'>oum</span> 
     </span>
     <span class='ocr_line' id='line_1_28' title="bbox 106 2530 1046 2606; baseline 0.002 -20"><span class='ocrx_word' id='word_1_218' title='bbox 106 2530 217 2604; x_wconf 86' lang='lat' dir='ltr'>gaudio,</span> <span class='ocrx_word' id='word_1_219' title='bbox 238 2549 293 2606; x_wconf 93' lang='lat' dir='ltr'>quo</span> <span class='ocrx_word' id='word_1_220' title='bbox 313 2549 399 2606; x_wconf 86' lang='lat' dir='ltr'>prope</span> <span class='ocrx_word' id='word_1_221' title='bbox 418 2541 523 2586; x_wconf 89' lang='lat' dir='ltr'>metum</span> <span class='ocrx_word' id='word_1_222' title='bbox 543 2550 587 2588; x_wconf 88' lang='lat' dir='ltr'>ros</span> <span class='ocrx_word' id='word_1_223' title='bbox 599 2531 696 2587; x_wconf 83' lang='lat' dir='ltr'>fuerat</span> <span class='ocrx_word' id='word_1_224' title='bbox 733 2531 782 2587; x_wconf 89' lang='lat' dir='ltr'>Ad</span> <span class='ocrx_word' id='word_1_225' title='bbox 796 2531 964 2606; x_wconf 87' lang='lat' dir='ltr'>sepulturam</span> <span class='ocrx_word' id='word_1_226' title='bbox 978 2531 1046 2588; x_wconf 88' lang='lat' dir='ltr'>inde</span> 
     </span>
     <span class='ocr_line' id='line_1_29' title="bbox 105 2609 1047 2686; baseline 0.001 -21"><span class='ocrx_word' id='word_1_227' title='bbox 105 2627 218 2666; x_wconf 87' lang='lat' dir='ltr'>suorum</span> <span class='ocrx_word' id='word_1_228' title='bbox 233 2628 405 2685; x_wconf 87' lang='lat' dir='ltr'>nequaquam</span> <span class='ocrx_word' id='word_1_229' title='bbox 419 2609 529 2686; x_wconf 89' lang='lat' dir='ltr'>paribus</span> <span class='ocrx_word' id='word_1_230' title='bbox 542 2609 641 2665; x_wconf 89' lang='lat' dir='ltr'>animis</span> <span class='ocrx_word' id='word_1_231' title='bbox 654 2621 814 2677; x_wconf 79' lang='lat' dir='ltr'>vertuntur3</span> <span class='ocrx_word' id='word_1_232' title='bbox 834 2609 936 2686; x_wconf 91' lang='lat' dir='ltr'>quippe</span> <span class='ocrx_word' id='word_1_233' title='bbox 957 2610 1047 2686; x_wconf 89' lang='lat' dir='ltr'>impe-</span> 
     </span>
     <span class='ocr_line' id='line_1_30' title="bbox 105 2687 1048 2765; baseline 0 -21"><span class='ocrx_word' id='word_1_234' title='bbox 105 2688 147 2746; x_wconf 81' lang='lat' dir='ltr'>rio</span> <span class='ocrx_word' id='word_1_235' title='bbox 163 2688 243 2746; x_wconf 87' lang='lat' dir='ltr'>alteri</span> <span class='ocrx_word' id='word_1_236' title='bbox 260 2690 344 2755; x_wconf 87' lang='lat' dir='ltr'>aucti,</span> <span class='ocrx_word' id='word_1_237' title='bbox 364 2689 441 2746; x_wconf 86' lang='lat' dir='ltr'>alteri</span> <span class='ocrx_word' id='word_1_238' title='bbox 465 2687 576 2744; x_wconf 90' lang='lat' dir='ltr'>ditionis</span> <span class='ocrx_word' id='word_1_239' title='bbox 595 2689 699 2746; x_wconf 88' lang='lat' dir='ltr'>alienae</span> <span class='ocrx_word' id='word_1_240' title='bbox 718 2690 790 2747; x_wconf 84' lang='lat' dir='ltr'>sacti.</span> <span class='ocrx_word' id='word_1_241' title='bbox 833 2687 984 2765; x_wconf 77' lang='lat' dir='ltr'>Sepulchra</span> <span class='ocrx_word' id='word_1_242' title='bbox 997 2708 1048 2745; x_wconf 88' lang='lat' dir='ltr'>ex-</span> 
     </span>
     <span class='ocr_line' id='line_1_31' title="bbox 105 2765 1045 2845; baseline -0.001 -20"><span class='ocrx_word' id='word_1_243' title='bbox 105 2779 189 2835; x_wconf 85' lang='lat' dir='ltr'>stant,</span> <span class='ocrx_word' id='word_1_244' title='bbox 202 2788 257 2845; x_wconf 92' lang='lat' dir='ltr'>quo</span> <span class='ocrx_word' id='word_1_245' title='bbox 271 2769 386 2843; x_wconf 88' lang='lat' dir='ltr'>quisque</span> <span class='ocrx_word' id='word_1_246' title='bbox 400 2769 460 2825; x_wconf 85' lang='lat' dir='ltr'>loco</span> <span class='ocrx_word' id='word_1_247' title='bbox 474 2767 582 2825; x_wconf 86' lang='lat' dir='ltr'>cecidit.</span> <span class='ocrx_word' id='word_1_248' title='bbox 623 2765 690 2824; x_wconf 93' lang='lat' dir='ltr'>Duo</span> <span class='ocrx_word' id='word_1_249' title='bbox 710 2767 836 2826; x_wconf 86' lang='lat' dir='ltr'>Romana</span> <span class='ocrx_word' id='word_1_250' title='bbox 845 2768 1045 2844; x_wconf 88' lang='lat' dir='ltr'>unolocopro·</span> 
     </span>
     <span class='ocr_line' id='line_1_32' title="bbox 105 2846 1041 2923; baseline -0.001 -19"><span class='ocrx_word' id='word_1_251' title='bbox 105 2847 167 2923; x_wconf 79' lang='lat' dir='ltr'>pilus</span> <span class='ocrx_word' id='word_1_252' title='bbox 182 2846 293 2912; x_wconf 87' lang='lat' dir='ltr'>Albam,</span> <span class='ocrx_word' id='word_1_253' title='bbox 308 2849 360 2904; x_wconf 88' lang='lat' dir='ltr'>tria</span> <span class='ocrx_word' id='word_1_254' title='bbox 375 2848 483 2904; x_wconf 83' lang='lat' dir='ltr'>Albana</span> <span class='ocrx_word' id='word_1_255' title='bbox 497 2847 615 2904; x_wconf 86' lang='lat' dir='ltr'>Romam</span> <span class='ocrx_word' id='word_1_256' title='bbox 627 2866 739 2916; x_wconf 76' lang='lat' dir='ltr'>versus3</span> <span class='ocrx_word' id='word_1_257' title='bbox 760 2848 809 2905; x_wconf 82' lang='lat' dir='ltr'>red</span> <span class='ocrx_word' id='word_1_258' title='bbox 823 2846 951 2905; x_wconf 86' lang='lat' dir='ltr'>distantia</span> <span class='ocrx_word' id='word_1_259' title='bbox 964 2847 1041 2915; x_wconf 86' lang='lat' dir='ltr'>locis,</span> 
     </span>
     <span class='ocr_line' id='line_1_33' title="bbox 106 2938 410 3004; baseline -0.003 -20"><span class='ocrx_word' id='word_1_260' title='bbox 106 2939 135 2984; x_wconf 89' lang='lat' dir='ltr'>et</span> <span class='ocrx_word' id='word_1_261' title='bbox 148 2938 180 2983; x_wconf 90' lang='lat' dir='ltr'>ut</span> <span class='ocrx_word' id='word_1_262' title='bbox 193 2940 345 3004; x_wconf 87' lang='lat' dir='ltr'>pugnatum</span> <span class='ocrx_word' id='word_1_263' title='bbox 359 2939 410 2984; x_wconf 89' lang='lat' dir='ltr'>est.</span> 
     </span>
    </p>
   </div>
   <div class='ocr_carea' id='block_1_3' title="bbox 100 3051 1106 3662">
    <p class='ocr_par' dir='ltr' id='par_1_4' title="bbox 100 3051 1106 3662">
     <span class='ocr_line' id='line_1_34' title="bbox 137 3051 1046 3117; baseline -0.007 -13"><span class='ocrx_word' id='word_1_264' title='bbox 137 3053 143 3080; x_wconf 90' lang='lat'>¹</span> <span class='ocrx_word' id='word_1_265' title='bbox 167 3057 199 3104; x_wconf 87' lang='lat' dir='ltr'>Ut</span> <span class='ocrx_word' id='word_1_266' title='bbox 210 3081 275 3092; x_wconf 90' lang='lat'>·--</span> <span class='ocrx_word' id='word_1_267' title='bbox 286 3059 326 3103; x_wconf 83' lang='lat' dir='ltr'>sic.</span> <span class='ocrx_word' id='word_1_268' title='bbox 364 3055 442 3102; x_wconf 86' lang='lat' dir='ltr'>These</span> <span class='ocrx_word' id='word_1_269' title='bbox 460 3054 538 3102; x_wconf 81' lang='lat' dir='ltr'>words</span> <span class='ocrx_word' id='word_1_270' title='bbox 555 3069 596 3101; x_wconf 88' lang='lat' dir='ltr'>ure</span> <span class='ocrx_word' id='word_1_271' title='bbox 611 3052 749 3117; x_wconf 85' lang='lat' dir='ltr'>frequently</span> <span class='ocrx_word' id='word_1_272' title='bbox 761 3051 821 3100; x_wconf 86' lang='lat' dir='ltr'>used</span> <span class='ocrx_word' id='word_1_273' title='bbox 838 3053 869 3116; x_wconf 82' lang='lat' dir='ltr'>by</span> <span class='ocrx_word' id='word_1_274' title='bbox 888 3051 950 3116; x_wconf 84' lang='lat' dir='ltr'>Livy</span> <span class='ocrx_word' id='word_1_275' title='bbox 968 3051 1046 3100; x_wconf 88' lang='lat' dir='ltr'>intro-</span> 
     </span>
     <span class='ocr_line' id='line_1_35' title="bbox 104 3118 1044 3186; baseline -0.002 -18"><span class='ocrx_word' id='word_1_276' title='bbox 104 3121 196 3186; x_wconf 85' lang='lat' dir='ltr'>ducing</span> <span class='ocrx_word' id='word_1_277' title='bbox 213 3121 361 3169; x_wconf 81' lang='lat' dir='ltr'>antithetical</span> <span class='ocrx_word' id='word_1_278' title='bbox 385 3122 486 3179; x_wconf 86' lang='lat' dir='ltr'>clauses,</span> <span class='ocrx_word' id='word_1_279' title='bbox 509 3121 558 3170; x_wconf 90' lang='lat' dir='ltr'>and</span> <span class='ocrx_word' id='word_1_280' title='bbox 575 3123 654 3184; x_wconf 87' lang='lat' dir='ltr'>ought</span> <span class='ocrx_word' id='word_1_281' title='bbox 670 3121 793 3184; x_wconf 85' lang='lat' dir='ltr'>generally</span> <span class='ocrx_word' id='word_1_282' title='bbox 809 3129 835 3166; x_wconf 90' lang='lat' dir='ltr'>to</span> <span class='ocrx_word' id='word_1_283' title='bbox 854 3123 885 3168; x_wconf 90' lang='lat' dir='ltr'>be</span> <span class='ocrx_word' id='word_1_284' title='bbox 902 3118 1044 3174; x_wconf 86' lang='lat' dir='ltr'>translated,</span> 
     </span>
     <span class='ocr_line' id='line_1_36' title="bbox 101 3186 1048 3255; baseline -0.003 -17"><span class='ocrx_word' id='word_1_285' title='bbox 101 3193 277 3254; x_wconf 65' lang='lat' dir='ltr'>though-yet.</span> <span class='ocrx_word' id='word_1_286' title='bbox 352 3186 363 3214; x_wconf 74' lang='lat'><strong>⁹</strong></span> <span class='ocrx_word' id='word_1_287' title='bbox 381 3193 469 3246; x_wconf 79' lang='lat' dir='ltr'>Qualis,</span> <span class='ocrx_word' id='word_1_288' title='bbox 481 3193 523 3255; x_wconf 54' lang='lat' dir='ltr'>qo.</span> <span class='ocrx_word' id='word_1_289' title='bbox 559 3189 647 3245; x_wconf 81' lang='lat' dir='ltr'>Qualis</span> <span class='ocrx_word' id='word_1_290' title='bbox 660 3193 748 3237; x_wconf 83' lang='lat' dir='ltr'>elamor</span> <span class='ocrx_word' id='word_1_291' title='bbox 764 3188 897 3236; x_wconf 76' lang='lat' dir='ltr'>faventium</span> <span class='ocrx_word' id='word_1_292' title='bbox 916 3188 979 3234; x_wconf 86' lang='lat' dir='ltr'>solet</span> <span class='ocrx_word' id='word_1_293' title='bbox 988 3191 1048 3235; x_wconf 81' lang='lat' dir='ltr'>oriri</span> 
     </span>
     <span class='ocr_line' id='line_1_37' title="bbox 103 3255 1047 3319; baseline -0.003 -15"><span class='ocrx_word' id='word_1_294' title='bbox 103 3273 133 3304; x_wconf 86' lang='lat' dir='ltr'>ex</span> <span class='ocrx_word' id='word_1_295' title='bbox 145 3257 274 3319; x_wconf 86' lang='lat' dir='ltr'>insperato</span> <span class='ocrx_word' id='word_1_296' title='bbox 287 3257 336 3304; x_wconf 80' lang='lat' dir='ltr'>lilre</span> <span class='ocrx_word' id='word_1_297' title='bbox 343 3259 383 3305; x_wconf 90' lang='lat' dir='ltr'>the</span> <span class='ocrx_word' id='word_1_298' title='bbox 392 3259 476 3304; x_wconf 88' lang='lat' dir='ltr'>shouts</span> <span class='ocrx_word' id='word_1_299' title='bbox 485 3255 564 3306; x_wconf 86' lang='lat' dir='ltr'>raised</span> <span class='ocrx_word' id='word_1_300' title='bbox 572 3258 598 3304; x_wconf 92' lang='lat' dir='ltr'>in</span> <span class='ocrx_word' id='word_1_301' title='bbox 608 3258 649 3303; x_wconf 84' lang='lat' dir='ltr'>the</span> <span class='ocrx_word' id='word_1_302' title='bbox 656 3257 838 3318; x_wconf 88' lang='lat' dir='ltr'>amphitheatre,</span> <span class='ocrx_word' id='word_1_303' title='bbox 851 3259 883 3318; x_wconf 88' lang='lat' dir='ltr'>by</span> <span class='ocrx_word' id='word_1_304' title='bbox 892 3256 934 3302; x_wconf 90' lang='lat' dir='ltr'>the</span> <span class='ocrx_word' id='word_1_305' title='bbox 943 3255 1047 3302; x_wconf 80' lang='lat' dir='ltr'>baclers</span> 
     </span>
     <span class='ocr_line' id='line_1_38' title="bbox 102 3321 1106 3400; baseline -0.001 -26"><span class='ocrx_word' id='word_1_306' title='bbox 102 3326 135 3374; x_wconf 83' lang='lat' dir='ltr'>of</span> <span class='ocrx_word' id='word_1_307' title='bbox 141 3341 187 3374; x_wconf 86' lang='lat' dir='ltr'>one</span> <span class='ocrx_word' id='word_1_308' title='bbox 198 3326 228 3373; x_wconf 83' lang='lat' dir='ltr'>of</span> <span class='ocrx_word' id='word_1_309' title='bbox 238 3327 277 3372; x_wconf 94' lang='lat' dir='ltr'>the</span> <span class='ocrx_word' id='word_1_310' title='bbox 289 3327 444 3376; x_wconf 85' lang='lat' dir='ltr'>combatants.</span> <span class='ocrx_word' id='word_1_311' title='bbox 458 3341 490 3372; x_wconf 94' lang='lat' dir='ltr'>on</span> <span class='ocrx_word' id='word_1_312' title='bbox 502 3327 543 3373; x_wconf 91' lang='lat' dir='ltr'>the</span> <span class='ocrx_word' id='word_1_313' title='bbox 554 3337 699 3372; x_wconf 85' lang='lat' dir='ltr'>occurrence</span> <span class='ocrx_word' id='word_1_314' title='bbox 710 3324 740 3370; x_wconf 87' lang='lat' dir='ltr'>ol&#39;</span> <span class='ocrx_word' id='word_1_315' title='bbox 751 3338 799 3386; x_wconf 87' lang='lat' dir='ltr'>any</span> <span class='ocrx_word' id='word_1_316' title='bbox 811 3321 967 3400; x_wconf 81' lang='lat' dir='ltr'>unenpeeted</span> <span class='ocrx_word' id='word_1_317' title='bbox 984 3338 1043 3370; x_wconf 85' lang='lat' dir='ltr'>suc·</span> <span class='ocrx_word' id='word_1_318' title='bbox 1105 3353 1106 3373; x_wconf 71' lang='grc' dir='ltr'>ι</span> 
     </span>
     <span class='ocr_line' id='line_1_39' title="bbox 103 3389 1046 3456; baseline -0.005 -15"><span class='ocrx_word' id='word_1_319' title='bbox 103 3409 161 3442; x_wconf 84' lang='lat' dir='ltr'>cess.</span> <span class='ocrx_word' id='word_1_320' title='bbox 202 3393 305 3440; x_wconf 88' lang='lat' dir='ltr'>Fareo&#39;</span> <span class='ocrx_word' id='word_1_321' title='bbox 298 3409 319 3439; x_wconf 86' lang='lat' dir='ltr'>rs</span> <span class='ocrx_word' id='word_1_322' title='bbox 334 3391 471 3456; x_wconf 80' lang='lat' dir='ltr'>frequently</span> <span class='ocrx_word' id='word_1_323' title='bbox 483 3391 581 3455; x_wconf 92' lang='lat' dir='ltr'>applied</span> <span class='ocrx_word' id='word_1_324' title='bbox 598 3400 624 3438; x_wconf 88' lang='lat' dir='ltr'>to</span> <span class='ocrx_word' id='word_1_325' title='bbox 641 3389 747 3454; x_wconf 84' lang='lat' dir='ltr'>bacldng</span> <span class='ocrx_word' id='word_1_326' title='bbox 761 3407 776 3437; x_wconf 88' lang='lat' dir='ltr'>a</span> <span class='ocrx_word' id='word_1_327' title='bbox 797 3389 963 3437; x_wconf 84' lang='lat' dir='ltr'>combamnt</span> <span class='ocrx_word' id='word_1_328' title='bbox 956 3405 983 3436; x_wconf 87' lang='grc' dir='ltr'>ιιι</span> <span class='ocrx_word' id='word_1_329' title='bbox 1004 3391 1046 3436; x_wconf 90' lang='lat' dir='ltr'>the</span> 
     </span>
     <span class='ocr_line' id='line_1_40' title="bbox 102 3455 1047 3522; baseline -0.004 -14"><span class='ocrx_word' id='word_1_330' title='bbox 102 3461 185 3522; x_wconf 83' lang='lat' dir='ltr'>public</span> <span class='ocrx_word' id='word_1_331' title='bbox 195 3460 341 3522; x_wconf 85' lang='lat' dir='ltr'>spectacles,</span> <span class='ocrx_word' id='word_1_332' title='bbox 354 3462 418 3516; x_wconf 88' lang='lat' dir='ltr'>thus,</span> <span class='ocrx_word' id='word_1_333' title='bbox 427 3464 765 3522; x_wconf 81' lang='lat' dir='ltr'>vincentiturmoequumsuo</span> <span class='ocrx_word' id='word_1_334' title='bbox 774 3460 933 3520; x_wconf 84' lang='lat' dir='ltr'>turmufooet</span> <span class='ocrx_word' id='word_1_335' title='bbox 965 3455 1047 3504; x_wconf 77' lang='lat' dir='ltr'>Matt-</span> 
     </span>
     <span class='ocr_line' id='line_1_41' title="bbox 103 3525 1051 3591; baseline -0.003 -16"><span class='ocrx_word' id='word_1_336' title='bbox 103 3539 173 3575; x_wconf 73' lang='lat' dir='ltr'>um..</span> <span class='ocrx_word' id='word_1_337' title='bbox 230 3529 349 3590; x_wconf 64' lang='grc' dir='ltr'>8Μιῄονι,</span> <span class='ocrx_word' id='word_1_338' title='bbox 358 3529 399 3591; x_wconf 57' lang='lat' dir='ltr'>&amp;o</span> <span class='ocrx_word' id='word_1_339' title='bbox 431 3528 571 3576; x_wconf 79' lang='lat' dir='ltr'>Gronovius</span> <span class='ocrx_word' id='word_1_340' title='bbox 581 3535 693 3590; x_wconf 82' lang='lat' dir='ltr'>suggests</span> <span class='ocrx_word' id='word_1_341' title='bbox 702 3525 851 3574; x_wconf 86' lang='lat' dir='ltr'>thedrvrsron</span> <span class='ocrx_word' id='word_1_342' title='bbox 861 3525 889 3573; x_wconf 80' lang='lat' dir='ltr'>os</span> <span class='ocrx_word' id='word_1_343' title='bbox 895 3539 988 3588; x_wconf 87' lang='lat' dir='ltr'>maJore</span> <span class='ocrx_word' id='word_1_344' title='bbox 996 3525 1051 3576; x_wconf 79' lang='lat' dir='ltr'>tntu</span> 
     </span>
     <span class='ocr_line' id='line_1_42' title="bbox 100 3593 801 3662; baseline -0.004 -19"><span class='ocrx_word' id='word_1_345' title='bbox 100 3596 178 3658; x_wconf 85' lang='lat' dir='ltr'>magis</span> <span class='ocrx_word' id='word_1_346' title='bbox 187 3612 285 3662; x_wconf 87' lang='lat' dir='ltr'>magno,</span> <span class='ocrx_word' id='word_1_347' title='bbox 298 3598 349 3643; x_wconf 89' lang='lat' dir='ltr'>that</span> <span class='ocrx_word' id='word_1_348' title='bbox 358 3596 436 3660; x_wconf 82' lang='lat' dir='ltr'>mugla</span> <span class='ocrx_word' id='word_1_349' title='bbox 446 3611 502 3660; x_wconf 87' lang='lat' dir='ltr'>may</span> <span class='ocrx_word' id='word_1_350' title='bbox 514 3599 544 3646; x_wconf 82' lang='lat' dir='ltr'>be</span> <span class='ocrx_word' id='word_1_351' title='bbox 556 3593 669 3658; x_wconf 86' lang='lat' dir='ltr'>supplied</span> <span class='ocrx_word' id='word_1_352' title='bbox 682 3603 707 3643; x_wconf 90' lang='lat' dir='ltr'>to</span> <span class='ocrx_word' id='word_1_353' title='bbox 719 3609 801 3658; x_wconf 89' lang='lat' dir='ltr'>prope.</span> 
     </span>
    </p>
   </div>
   <div class='ocr_carea' id='block_1_4' title="bbox 0 0 1120 3862">
    <p class='ocr_par' dir='ltr' id='par_1_5' title="bbox 0 0 1120 3862">
     <span class='ocr_line' id='line_1_43' title="bbox 0 0 1120 3862; baseline 0 3"><span class='ocrx_word' id='word_1_354' title='bbox 0 0 1120 3862; x_wconf 95' lang='lat' dir='ltr'> </span> 
     </span>
    </p>
   </div>
  </div>
 </body>
</html>
