2232 3862
452 230 574 294 LIBER
595 231 619 294 l.
968 231 1006 293 38

62 383 197 445 ‘Mettus
210 388 286 446 idem
301 387 386 467 hujus
405 391 575 452 machinator.
592 391 664 460 belli,
684 391 795 452 Mettus
815 393 932 452 foederis
946 393 1005 452 llo·

60 473 66 495 ‘
79 468 156 524 mani
171 469 332 545 Albanique
345 483 449 547 ruptor.
491 475 603 530 Audeat
616 473 717 531 deinde
730 473 794 531 talia
807 473 885 540 elius,
903 473 955 531 nisi
975 474 1004 530 in

58 545 153 604 ‘hunc
166 549 278 622 insigne
293 547 353 624 jam
359 551 564 610 'documentum
578 551 737 610 mortalibus
751 553 853 610 dedero
862 551 888 610 ¹.’
931 553 1004 610 Cen·

56 627 182 684 turinnes
196 630 295 686 armati
315 629 439 686 Mettum
460 631 680 689 circumsistunt:
699 650 750 690 rex
763 645 861 698 cetera,
882 645 914 690 ut
926 651 1005 688 orsus

56 709 263 783 erat,'·peragit.
304 708 410 772 ‘Quod
429 711 539 780 bonum,
560 713 689 777 faustum,
710 711 829 788 felixque
849 712 885 768 ait
901 711 1004 787 populo

56 784 214 842 ‘Romano
230 805 265 844 ac
285 787 361 856 milri,
380 788 521 864 vobisque,
542 790 654 857 Albani,
674 791 808 868 populum
827 809 936 848 omnem
953 791 1004 848 Al·

56 865 186 922 ‘hunum
203 865 321 922 Romam
335 867 478 925 traducere
491 870 519 926 in
533 870 625 927 animo
638 881 699 935 cett
718 871 856 928 civitatem
871 871 935 926 dare
946 870 1004 944 ple·

58 950 65 976 ‘
79 944 128 1010 bi;
147 945 285 1021 primores
293 947 320 1002 in
333 947 429 1004 Patres
442 948 548 1027 legere,
569 967 650 1005 unam
664 951 769 1016 urbem,
779 967 861 1006 unam
875 949 1004 1024 rempub·

58 1023 162 1080 ‘licam
181 1024 294 1081 lacerer
322 1025 363 1083 Ut
384 1045 418 1082 ax
439 1047 494 1083 uno
508 1030 646 1104 quondam
660 1029 687 1085 in
702 1029 773 1086 duos
787 1027 903 1104 populos
917 1028 1004 1084 divise

59 1109 67 1134 ‘
84 1103 197 1160 Albana
209 1123 254 1159 res
267 1115 317 1169 est,
339 1104 379 1162 sic
393 1125 465 1163 nunc
478 1107 507 1163 in
522 1127 605 1164 unum
621 1107 731 1164 redeat'
773 1108 820 1164 Ad
835 1106 903 1164 baec
917 1105 1003 1162 Alba·

59 1200 95 1236 na
104 1182 203 1256 pubes,
215 1181 327 1239 inermis
335 1185 369 1240 ab
377 1186 488 1242 armatis
497 1200 583 1262 septa,
594 1187 621 1242 in
634 1185 714 1243 variis
722 1185 917 1250 voluntatibus,
928 1203 1004 1242 com·

60 1261 137 1316 muni
161 1274 255 1318 tumen
275 1265 355 1319 metu'
370 1279 494 1338 cogente,
516 1267 756 1324 silentium'tenet.
797 1265 870 1323 Tum
896 1264 1003 1331 Tullus,

61 1346 68 1370 ⁸
83 1339 177 1398 Metto
191 1339 312 1408 Fauen:
333 1343 431 1417 inquit,
447 1346 491 1401 ‘si
506 1345 564 1420 ipse
577 1345 682 1403 discere
696 1365 789 1422 posses
803 1345 885 1402 fidem
900 1363 933 1402 ae
946 1344 1003 1400 foe·

61 1420 147 1476 ‘clera
166 1439 284 1487 servare,
308 1421 369 1478 vivo
389 1423 437 1480 tibi
459 1443 492 1480 ea
508 1425 651 1501 disciplina
673 1445 690 1482 u
713 1445 757 1482 me
780 1424 902 1482 adhibita
920 1437 1002 1480 esset.

61 1497 173 1566 ‘Nune
187 1502 318 1574 qnoniam
334 1513 413 1558 tuum
433 1502 581 1560 insanabile
599 1504 738 1580 ingenium
760 1517 810 1566 eat.
833 1503 883 1575 αιῗ
901 1515 935 1559 tu
953 1515 1002 1559 tuo

61 1579 217 1653 ‘supplicio
231 1580 301 1636 doce
315 1578 464 1637 humanum
479 1603 567 1657 genua
580 1601 613 1640 ca
626 1598 720 1642 sanctu
733 1584 853 1650 credere,
868 1593 1002 1658 quarente

60 1663 67 1688 ‘
81 1658 179 1714 violata
192 1655 295 1719 suut*
311 1657 351 1718 Ut
360 1660 443 1734 igitur
452 1653 544 1738 puullb
553 1665 617 1720 aute
627 1663 748 1720 animum
760 1663 831 1720 inter
841 1662 1001 1720 Fidenatem

60 1736 291 1812 ‘Romanamque
305 1757 363 1795 rem
377 1739 523 1816 ancipitem
538 1742 653 1817 gessisti,
668 1743 707 1800 ita
714 1743 771 1820 jam
786 1761 886 1818 corpus
898 1740 1001 1816 passim

60 1815 286 1874 ‘distrahendum
301 1817 395 1874 dabis’
436 1819 555 1888 Exinde,
569 1822 676 1878 duobus
685 1821 803 1879 udmotis
812 1819 960 1896 quadrigis,
970 1818 1000 1876 iu

52 1913 149 1952 ‘currus
157 1915 254 1953 esrum
265 1895 415 1954 distentum
425 1897 512 1974 illigat
523 1899 656 1970 Mettum.
698 1900 807 1974 Deinde
821 1901 849 1956 in
860 1900 999 1956 diversum

57 1973 105 2030 iter
117 1976 184 2050 equi
198 1976 339 2043 concitati,
353 1976 474 2034 locurum
494 1980 522 2036 in
540 1990 657 2054 utreque
671 1999 752 2038 curru
766 1997 875 2055 corpus,
890 1978 945 2052 quit
957 1977 999 2032 in·

57 2050 198 2122 haeserunt
219 2055 336 2112 vinculis
356 2059 486 2126 membra,
503 2071 644 2134 portantes
654 2058 675 2114 ³.
717 2063 851 2114 Avertere
865 2075 961 2112 omnes
982 2075 999 2110 e

55 2135 127 2190 tanti
144 2135 280 2192 foeditate
293 2137 440 2211 spectaculi
455 2140 558 2194 oculos.
599 2138 722 2194 Primum
737 2136 918 2209 ultimumque
932 2133 1000 2190 illud

54 2213 219 2288 supplicium
241 2215 316 2289 apud
339 2215 479 2272 Romanos
501 2217 620 2293 exempli
644 2235 739 2293 parum
761 2215 889 2272 memoris
906 2214 998 2288 legum

54 2288 233 2350 humanarum
248 2293 309 2350 fuit.
350 2293 382 2350 ln
396 2295 457 2352 eliis
470 2296 579 2372 gloriari
593 2296 667 2365 licet,
687 2296 755 2353 nulli
769 2294 892 2372 gentium
907 2293 998 2350 mitio·

54 2388 94 2425 rea
106 2372 247 2444 placuisse
259 2388 371 2448 poenas.

91 2449 204 2507 XXIX.
225 2450 304 2507 luter
323 2450 390 2510 haec
401 2452 459 2528 jam
481 2454 622 2529 praemissi
637 2456 738 2513 Alliam
759 2465 837 2512 erant
856 2453 963 2528 equites
975 2449 997 2518 ⁴,

56 2528 100 2598 qui
113 2529 324 2586 multitudinem
335 2532 511 2589 traducerent
525 2533 653 2590 Romam.
673 2533 919 2608 Legionesdeinde
930 2531 997 2587 duc-

53 2617 95 2660 tae
109 2607 144 2662 nd
158 2607 323 2662 diruendam
338 2610 451 2674 urbem;
471 2629 541 2683 quae
554 2612 602 2666 ubi
611 2613 745 2668 intravere
755 2625 856 2688 portas,
871 2630 925 2668 nen
937 2609 997 2685 qui·

54 2683 114 2740 dem
129 2686 184 2742 fuit
192 2685 328 2742 tumultus
337 2686 391 2753 ille,
405 2705 457 2743 nec
467 2707 558 2764 paror,
570 2690 656 2763 qualis
667 2703 806 2766 capturum
817 2709 876 2746 esse
887 2689 997 2746 urbium

54 2763 137 2828 solem
158 2783 256 2838 quum,
277 2764 395 2821 effractis
408 2768 503 2841 portis,
523 2769 647 2825 stratisve
660 2769 745 2825 ariete
760 2769 852 2833 muris,
875 2781 923 2824 eut
935 2786 997 2824 arce

56 2841 79 2896 ri
93 2844 183 2918 ceptis,
198 2843 301 2900 clamor
315 2842 421 2900 hostilis
435 2858 463 2902 et
477 2866 571 2902 cursus
586 2867 635 2923 per
648 2849 742 2904 urbem
757 2859 924 2904 armatorum
938 2864 997 2902 om-

56 2921 100 2976 nin
118 2924 190 2978 lerro
211 2923 376 2998 dammique
401 2925 513 2982 miscet:
538 2927 586 2982 sed
604 2926 744 2983 silentium
765 2927 842 2984 triste
862 2945 895 2982 ac
915 2925 998 2982 tacite

56 3001 241 3058 moestitiaita
251 3002 347 3060 defixit
360 3003 481 3060 omnium
493 3006 607 3070 animos,
618 3018 650 3062 ut
661 3025 724 3081 prae
739 3018 814 3062 metu
829 3005 915 3072 obliti,
930 3004 996 3079 quid

57 3079 248 3154 relinquerent,
264 3081 329 3155 quid
343 3102 436 3139 secum
451 3085 560 3150 ferrent,
581 3085 726 3142 deficiente
740 3085 862 3151 consilio,
877 3083 997 3158 rogitan-

57 3171 149 3232 tesque
162 3161 208 3216 elii
221 3159 298 3228 alios,
313 3181 386 3219 nunc
399 3162 425 3217 in
435 3163 572 3220 liminibus
582 3177 694 3230 starent,
708 3183 781 3220 nunc
791 3163 936 3221 errabundi
948 3164 997 3220 do-

58 3255 114 3294 mos
134 3259 207 3308 suas,
231 3241 359 3300 ultimum
382 3241 471 3298 illud⁵
496 3244 587 3310 visuri,
610 3255 830 3320 pervagarentur.
871 3243 912 3302 Ut
931 3243 996 3298 verb

90 3384 97 3412 ¹
114 3388 178 3448 nte,
190 3393 233 3451 &c-
272 3389 300 3436 ll'
310 3388 322 3435 l
335 3387 393 3434 shall
406 3388 466 3434 have
477 3388 548 3436 failed
561 3391 585 3436 in
597 3406 652 3437 now
661 3388 760 3451 making
768 3388 817 3434 lrim
828 3384 997 3434 ememorable

59 3454 164 3512 example
176 3457 214 3503 sor
226 3457 265 3501 the
277 3455 453 3502 instructiones
461 3455 493 3502 ull
503 3471 568 3502 men.
586 3462 772 3512 Documentum,
785 3471 832 3515 any
843 3453 912 3510 thing
920 3449 997 3495 which

60 3516 176 3570 insuucrs.
264 3518 433 3576 'Aeatleast
514 3520 837 3586 'seevirgitvlltota
906 3515 997 3575 ‘They

62 3597 119 3634 nere
136 3588 293 3638 commanded
305 3591 387 3651 hythe
401 3588 518 3638 Horatius
527 3593 580 3638 who
591 3591 647 3638 slew
660 3590 696 3636 lris
707 3589 783 3636 sister.
854 3585 863 3612 ⁸
878 3584 1000 3632 ultimum
