2230 3846
400 133 570 282 ἊΕΒ
591 224 630 282 ll.
948 226 1000 282 141

77 379 140 456 poris
152 380 216 437 fuit.
250 380 329 437 Ante
349 391 449 449 minen,
463 380 545 455 quam
565 381 689 456 prodicta
701 381 759 438 dies
773 381 884 447 veniret,
906 383 1001 439 morbo

76 448 211 516 moritui1.
255 457 345 534 Cujus
359 478 444 533 quum
463 459 671 517 laudationem²
692 460 794 516 tribuni
814 459 901 536 plebis
915 461 1002 536 impe·

74 537 124 594 dire
136 550 313 602 conarentur,
325 538 401 613 plebs
411 539 527 594 fraudari
537 537 642 596 solenni
650 536 752 595 honore
759 558 916 614 supremum
927 540 1001 596 diem

74 615 132 672 tanti
146 615 200 672 viri
216 615 326 681 noluit;
347 627 375 673 st
390 617 574 674 laudationem
593 630 649 674 tam
667 617 760 692 aequis
778 619 886 674 auribus
900 618 1005 698 mortni

73 694 178 760 audivit,
195 713 280 768 quam
294 695 349 750 vivi
368 696 568 753 accusationem
586 695 726 763 audierat;
746 707 775 752 et
792 695 935 771 exsequias
947 697 1000 754 lra-

73 792 149 847 quens
163 773 324 830 celebravit.

102 850 200 908 LXII.
222 851 332 908 Eodem
347 871 418 909 anno
433 852 557 910 Valerius
570 854 672 920 consul,
687 873 749 911 cum
765 853 927 910 exercituin
943 854 1001 910 Ac·

71 949 131 1004 quos
144 931 298 1007 profectus,
312 950 397 1004 quum
412 931 517 988 hostem
531 933 565 989 ad
579 932 711 1005 proelium
726 931 823 988 elicere
833 951 887 987 non
899 944 1000 1006 posset,

71 1021 152 1066 castra
172 1029 336 1084 oppugnare
356 1023 398 1066 est
418 1011 538 1067 adortus.
579 1010 722 1070 Prohibuit
742 1011 822 1067 foeda
842 1021 999 1084 tempestas,

70 1107 124 1144 cnm
151 1089 290 1162 grandine
309 1107 341 1144 ac
361 1089 505 1146 tonitribus
526 1089 605 1146 coelo
625 1089 738 1164 dejecta.
779 1089 1000 1146 Admirationem

70 1167 161 1222 deinde
183 1166 273 1232 auxit,
294 1167 373 1241 signo
392 1168 515 1244 receptui
534 1169 608 1236 dato,
628 1165 697 1225 adeb
711 1167 857 1242 tranquilla
870 1167 1000 1226 serenitas

69 1245 191 1311 reddita3
211 1259 253 1311 ut,
271 1245 347 1302 velut
360 1247 471 1303 numine
487 1247 577 1321 aliquo
595 1248 713 1310 defensa,
735 1261 823 1303 castra
842 1265 1000 1322 oppugnare

68 1323 160 1380 iterum
184 1324 284 1398 religio
303 1324 386 1381 fuerit
396 1324 417 1380 ³.
467 1325 566 1382 Omnis
589 1326 629 1382 ira
650 1325 715 1383 belli
737 1326 772 1382 ad
795 1325 998 1401 populationem

67 1403 118 1475 agri
132 1403 227 1460 vertit.
270 1403 352 1459 Alter
364 1404 458 1460 consul
473 1405 610 1462 Aemilius
623 1404 650 1460 in
667 1404 773 1462 Sabinis
787 1404 886 1462 bellum
905 1405 998 1478 gessit.

5 1503 6 1508 ¹
68 1479 101 1536 Et
112 1481 162 1548 ibi,
177 1481 245 1555 quia
258 1479 344 1538 hostis
354 1483 496 1539 moenibus
506 1503 535 1540 se
547 1484 773 1550 tenebat‚'vastati
781 1483 840 1558 agri
852 1497 925 1540 sunt.
951 1481 998 1538 In·

66 1560 165 1616 tendiis
179 1560 292 1626 deinde,
313 1579 368 1616 non
382 1561 507 1618 villarum
528 1559 619 1630 modd,
633 1563 682 1619 sed
696 1563 777 1620 etlam
793 1563 923 1627 vicorum,
937 1562 997 1636 qui·

65 1636 111 1694 bns
124 1639 286 1712 frequenter
299 1637 470 1696 habitabatur
481 1639 503 1709 ⁴,
519 1639 612 1698 Sabini
626 1641 716 1709 exciti,
732 1660 815 1716 quum
829 1641 997 1718 praedatori·

66 1716 111 1772 bns
124 1717 320 1782 occurrissent,
334 1718 445 1794 ancipiti
459 1719 563 1794 proelio
574 1720 695 1794 digressi,
704 1734 814 1795 postero
823 1721 867 1776 die
877 1719 996 1776 retulere

65 1808 148 1852 casua
167 1796 197 1852 in
219 1796 324 1852 tutiora
336 1796 404 1854 loca.
443 1797 477 1853 Id
490 1798 555 1854 satis
568 1799 673 1855 consuli
686 1800 784 1868 visum,
798 1818 847 1856 cur
860 1817 910 1873 pro
923 1799 995 1855 victo

64 1873 230 1950 relinqueret
242 1873 359 1939 hostem,
374 1875 479 1949 integro
492 1877 556 1932 inde
570 1878 704 1934 decedens
717 1877 800 1934 bello.

199 1951 312 2008 LXIII.
333 1951 409 2010 Inter
428 1953 495 2012 haec
514 1955 594 2021 bella,
615 1967 742 2011 manente
762 1954 897 2012 discordiis
910 1955 994 2020 domi,

65 2033 86 2066 l·
98 2033 120 2067 ⁰·
159 2029 195 2086 Τ.
211 2029 359 2088 Numicius
368 2031 485 2099 Priscus,
496 2033 533 2088 A.
546 2033 685 2107 Virginius
694 2033 900 2090 consulesfacti.
929 2032 995 2088 Non

109 2120 115 2134 ·
159 2107 236 2166 ultra
250 2109 394 2166 videbatur
407 2111 494 2167 latura
506 2111 599 2186 plebes
613 2111 770 2168 dilationem
784 2112 903 2185 agrariae
917 2111 993 2184 legis,

63 2187 211 2264 ultimaque
226 2187 267 2243 vis
280 2189 425 2263 parabatur
436 2213 443 2255 ;
459 2209 554 2263 quum,
568 2189 684 2248 Volscos
697 2191 801 2258 adesse,
814 2189 891 2246 fumo
905 2208 939 2246 ex
952 2189 993 2244 in·

62 2267 162 2322 cendiis
182 2265 311 2322 villarum
331 2267 449 2342 fugaque
468 2268 616 2343 agrestium
636 2269 776 2344 cognitum
796 2281 848 2326 est.
888 2267 930 2326 Ea
950 2287 993 2324 res

61 2358 192 2402 maturam
209 2343 270 2420 jam
291 2345 452 2403 seditionem
474 2367 506 2404 ac
530 2367 614 2424 prope
640 2360 829 2423 emmpentem
855 2347 992 2423 repressit.

61 2421 205 2491 Consules,
227 2424 316 2480 coacti
332 2425 470 2499 externplo
490 2427 524 2482 ab
541 2439 638 2484 senatu
657 2428 692 2484 ad
711 2427 822 2494 bellum,
843 2427 944 2484 educta
956 2445 992 2482 ex

60 2503 123 2560 urbe
132 2502 291 2579 juventute,
305 2503 519 2578 tranquilliorem
533 2517 651 2562 ceteram
665 2506 771 2581 plebem
785 2506 917 2562 fecerunt.
954 2504 993 2560 Et

59 2578 148 2638 hostes
161 2581 286 2656 quidem,
300 2579 367 2637 nihil
381 2583 455 2639 aliud
469 2581 549 2657 quam
565 2585 680 2660 perfusis
694 2605 763 2642 rano
777 2585 874 2640 timore
890 2585 991 2641 Roma·

58 2659 98 2716 nis
108 2659 130 2729 ⁵,
153 2661 241 2718 citato
262 2660 370 2734 agmine
389 2662 499 2718 abeunt.
549 2663 697 2721 Numicius
719 2664 835 2720 Antium
863 2664 992 2720 adversus

59 2803 102 2850 arrd
112 2805 175 2852 aller
182 2806 234 2852 him
244 2808 313 2855 other
321 2817 512 2866 commentatore,
525 2807 593 2856 thinlr
603 2809 653 2856 that
663 2827 712 2858 rem
721 2812 783 2858 trahi
791 2813 893 2858 maereat
902 2824 992 2866 means,

58 2873 182 2930 permitted
200 2874 241 2920 the
252 2884 339 2923 matter
354 2887 376 2924 to
393 2878 510 2937 unguet,
527 2893 553 2923 as
572 2878 666 2938 Appius
684 2876 738 2923 died
756 2876 837 2922 before
853 2877 893 2922 the
909 2875 997 2937 dayes

59 2938 116 2986 trial.
155 2941 210 2988 The
220 2941 306 2992 words.
325 2944 440 2998 however,
459 2959 522 2990 seem
534 2954 559 2990 to
570 2944 653 3006 imply,
667 2947 717 2991 that
733 2943 794 2990 alter
805 2945 844 2990 the
856 2941 992 3005 prorogued

57 3005 101 3066 day
108 3007 211 3062 arrived,
224 3008 343 3070 (deinde.)
353 3011 393 3058 the
402 3009 486 3070 people
497 3011 622 3070 permitted
631 3013 670 3059 the
679 3021 764 3058 matter
774 3021 796 3058 to
809 3014 834 3060 dc
841 3021 887 3073 part
899 3011 936 3074 off.
950 3019 993 3057 not

57 3072 167 3138 allowing
183 3077 224 3122 tlte
234 3077 322 3123 second
331 3077 432 3125 interval
440 3086 466 3124 to
473 3080 503 3124 be
511 3094 537 3125 as
547 3079 638 3141 longas
647 3079 686 3126 the
696 3080 754 3133 first,
766 3083 831 3127 haud
842 3084 876 3126 ita
888 3081 993 3128 mallum

56 3143 147 3190 iruerint
158 3147 334 3209 temporiasuit.
473 3145 479 3174 ¹
500 3145 631 3208 Dionysius
647 3149 728 3193 makes
739 3161 771 3194 no
782 3146 889 3194 mention
902 3145 931 3192 of
944 3161 992 3206 any

56 3207 167 3272 pleading
179 3225 211 3256 on
223 3211 265 3258 the
281 3221 334 3270 part
349 3211 379 3258 of
392 3211 495 3272 Appius,
510 3213 559 3260 and
576 3230 628 3276 says
645 3216 696 3260 that
712 3215 742 3260 he
759 3211 884 3275 destroyed
896 3212 995 3260 himself

56 3276 133 3324 before
143 3277 188 3324 the
198 3277 245 3338 day
256 3278 285 3324 of
292 3278 354 3326 trial.
479 3276 550 3326 'See
561 3297 584 3340 p.
603 3280 656 3338 124,
667 3291 724 3328 note
739 3280 758 3328 l.
861 3281 988 3335 ³Ut,&c.

57 3342 85 3390 So
102 3345 154 3390 that
172 3343 193 3390 it
203 3360 252 3392 was
268 3345 405 3394 considered
424 3347 577 3408 sacrilegious
593 3349 664 3410 again
677 3357 702 3394 to
717 3347 796 3394 attack
807 3363 822 3394 a
833 3361 901 3404 camp
913 3345 991 3391 which

56 3411 148 3458 memed
160 3420 189 3458 to
199 3413 229 3458 be
240 3411 357 3460 defended
368 3417 401 3474 by
412 3428 477 3460 sonte
488 3413 567 3460 divine
577 3430 664 3474 power.
766 3415 775 3442 '⁵
795 3417 890 3468 Quibus,
902 3411 926 3455 in
938 3414 991 3470 qat'-

56 3480 112 3533 lat,·
130 3481 290 3538 liabitudalur,
304 3480 456 3540 impersonal.
558 3481 567 3509 ⁶
586 3483 629 3528 See
640 3498 663 3540 p.
680 3481 734 3537 105,
747 3492 802 3526 note
815 3479 837 3526 3.
865 3478 903 3523 Dr
916 3476 991 3520 Hun-

57 3545 110 3591 ter’s
127 3544 236 3606 analysis
246 3547 327 3594 would
344 3550 382 3604 be,
402 3546 518 3594 Romanis
533 3550 577 3596 ·sa's
591 3548 650 3594 nihil
667 3548 733 3594 alind
749 3559 821 3608 quam
836 3543 917 3604 perfu-
930 3555 992 3588 vano
