2232 3862
411 214 536 284 LIBER
556 225 580 282 Ι.
599 216 601 224 ’
953 223 993 280 3'i

48 384 85 440 lus
93 403 141 440 res
152 372 297 440 Romanis
309 371 428 460 sirperbd
436 373 596 460 responsum
607 383 728 440 reddunt
739 377 746 418 ¹
758 405 766 449 ς
783 388 791 418 ⁸
803 382 926 440 desidem
937 381 997 440 Ro-

47 471 180 520 ‘manum
199 481 297 537 regem
318 463 392 520 inter
411 465 510 520 sacello
528 476 557 521 ot
576 483 636 520 ures
654 475 779 520 asturum
797 481 857 519 esse
870 461 995 537 regnum'

8 601 9 614 p
46 544 94 598 rati.
135 542 276 600 Medium
288 543 386 599 eratin
398 543 482 600 Anco
495 543 645 617 ingenium,
659 555 689 598 et
703 543 821 608 Numae,
836 553 865 598 et
880 541 995 598 Romuli

8 627 10 672 Ρ
46 641 168 688 nemor3
190 634 229 688 et,
239 635 432 697 praeterquam
447 623 521 698 quod
536 633 544 656 ‘
558 623 601 679 eri
616 641 701 696 regno
713 622 801 696 magis
813 620 996 678 necessariam

46 701 146 758 ‘fuisse
162 700 274 776 pocem’
290 702 427 768 credebat,
444 710 549 776 ‘quum
564 702 592 756 in
607 721 687 766 novo,
703 713 762 758 turn
772 701 854 756 lerooi
864 699 995 776 populu;’

47 781 131 846 edam,
158 781 261 855 ‘quod
281 779 323 836 illi
343 781 503 854 contigisset
523 781 620 846 otium,
641 781 700 836 sino
721 780 821 856 injuriis
833 779 862 834 id
877 799 906 836 se
921 778 995 836 baud

47 861 143 917 ‘facile
158 859 342 917 habiturumr
362 861 461 916 tentari
475 860 644 936 patientiam,
656 872 685 916 et
693 873 827 916 teutatem
836 859 976 914 contemni
987 880 996 924 ς

49 947 252 1016 ‘temporeque
265 959 325 995 esse
340 939 425 995 Tullo
437 940 493 1014 regi
508 939 622 1014 aptiora,
637 938 719 1014 quim
734 936 860 995 Numae!
904 937 943 996 Ut
951 951 993 994 ts·

50 1037 118 1086 men,
132 1019 269 1093 quoniam
289 1017 381 1074 Numa
395 1020 423 1074 in
437 1037 504 1093 pace
518 1020 662 1094 religiones
676 1018 848 1082 instituisset,
863 1035 880 1073 s
893 1036 923 1072 se
936 1017 994 1076 bel·

50 1097 314 1155 liouevceremonise
340 1098 537 1174 proderentur;
557 1117 608 1154 neo
635 1109 796 1172 gererentur
818 1095 917 1162 solirm,
944 1096 994 1152 sed
1058 1143 1064 1154 ,

50 1177 129 1234 etism
144 1177 338 1234 indicerentur
351 1177 423 1233 bellu
435 1178 526 1252 aliquo
535 1177 590 1233 ritu
602 1200 609 1243 ;
626 1177 671 1254 jus
679 1178 713 1232 ab
722 1176 834 1250 antiquis
844 1187 926 1250 gente
937 1177 996 1230 Ae·

53 1257 176 1331 quicolis,
190 1257 266 1330 quod
282 1275 355 1313 nunc
369 1257 478 1314 feciales
497 1256 607 1323 liabent,
622 1248 773 1332 descripsit,
791 1275 846 1330 quo
860 1274 903 1311 res
917 1273 995 1330 repe·

54 1349 157 1392 tuntur.
199 1334 333 1410 Legatos.
355 1336 403 1391 ubi
425 1337 458 1391 ed
475 1336 544 1392 lines
565 1355 660 1392 eorum
675 1337 758 1400 venit,
771 1335 845 1391 uude
858 1353 903 1390 res
916 1352 995 1408 repe·

53 1427 154 1482 tentor,
169 1416 262 1490 capite
275 1415 367 1470 velato
380 1415 436 1480 iilo,
457 1416 545 1486 (lenae
559 1415 682 1471 velamen
696 1416 765 1488 est‚)
787 1423 794 1448 ‘
810 1413 897 1480 Audi,
913 1412 994 1488 Jupi-

53 1494 131 1560 ‘ter,'
152 1494 253 1569 inquit,
269 1495 385 1550 ‘audite
399 1494 474 1550 fines’
489 1495 694 1569 (cujuscunque
711 1494 889 1567 premissum,
904 1492 993 1548 nomi·

53 1573 121 1648 net)
132 1581 140 1608 ‘
151 1574 248 1630 audiat
258 1574 307 1629 fas.
349 1573 412 1648 Ego
421 1593 481 1629 sum
491 1573 620 1650 publicus
631 1574 747 1629 nuncius
758 1573 850 1648 populi
864 1571 992 1639 Romani,

55 1659 61 1687 ‘
69 1653 141 1728 justo
161 1653 264 1728 pirique
284 1652 392 1726 legatus
406 1655 493 1712 venio.
512 1655 654 1728 verbisque
669 1654 736 1708 meis
750 1653 818 1708 fides
832 1650 885 1708 sit.y
927 1651 993 1708 Per·

54 1731 368 1807 agitdeindepostulsto.
409 1731 585 1789 lndeJovern
597 1745 697 1788 testem
713 1732 794 1787 lacit:
816 1741 824 1764 ⁴
840 1731 869 1787 Si
884 1749 937 1805 ego
951 1730 992 1785 in·

55 1812 139 1886 ‘justi
150 1811 292 1887 impieque
304 1812 365 1866 illos
375 1809 500 1868 hominos
514 1812 627 1887 illasque
638 1831 682 1867 res
696 1811 791 1866 dedier
802 1810 813 1844 ²
827 1811 929 1866 nuncio
943 1829 994 1886 po·

56 1891 125 1967 ‘puli
140 1891 263 1948 Romani
276 1889 344 1946 mihi
359 1909 486 1965 exposco,
502 1905 560 1947 tum
576 1892 679 1966 patriae
693 1904 848 1965 compotem
865 1909 909 1945 me
923 1907 993 1944 nun·

57 1978 63 2002 ‘
74 1989 150 2044 qnam
161 1970 225 2026 siris
235 1969 246 2000 ³
259 1968 336 2026 esse?
366 1969 453 2026 Haeo.
466 1989 550 2045 quum
561 1972 628 2026 fines
639 1968 837 2045 superscendit,
849 1967 925 2032 haec,
934 1967 995 2042 qui·

55 2069 154 2125 cunque
174 2050 202 2106 ei
222 2049 329 2124 primus
342 2049 383 2104 vir
399 2050 495 2105 obrius
509 2052 600 2114 i'uerit,
616 2048 691 2108 hoec.
707 2061 814 2123 portam
828 2046 994 2120 ingrediens,

56 2127 222 2194 herulorum
235 2131 382 2203 ingressus,
393 2130 486 2204 paucis
501 2129 588 2185 verbis
599 2127 726 2184 carminis
737 2125 750 2157 ⁴
765 2125 993 2199 concipiendique

53 2207 222 2284 jurisjurandi
243 2208 365 2274 mutatis,
388 2211 501 2282 peragit.
554 2207 583 2264 si
605 2226 658 2263 non
680 2207 828 2271 deduntur,
849 2223 918 2278 quos
945 2223 992 2260 ex-

56 2289 143 2362 poscit,
157 2287 257 2344 diebus
271 2287 359 2342 tribus
373 2301 401 2342 et
414 2287 534 2362 triginta,
547 2291 605 2359 (tot
614 2287 687 2342 enirn
699 2286 824 2341 solennes
833 2285 923 2356 sunt)
932 2303 993 2358 per·

56 2368 121 2435 tetis,
142 2367 247 2424 bellurn
269 2366 308 2422 its
327 2365 442 2422 indicit:
464 2375 471 2400 ‘
487 2367 573 2432 Audi,
588 2365 708 2441 Jupiter,
728 2377 756 2421 et
770 2378 809 2432 tu,
825 2364 909 2430 Juno,
925 2363 995 2426 Qut-

57 2445 133 2514 ‘rine‚
155 2445 264 2520 Diique
285 2465 381 2502 omnes
396 2445 537 2509 coelestes,
553 2465 655 2520 vosque
669 2458 819 2510 terrestres,
835 2461 939 2518 vosque
954 2442 995 2499 in·

57 2526 145 2593 ‘ferni
159 2525 265 2584 audite.
307 2523 370 2599 Ego
383 2545 431 2582 vos
445 2538 539 2588 testor,
557 2525 688 2600 populum
704 2522 798 2588 illnm‚’
820 2525 832 2594 (
837 2524 995 2598 quicunque

56 2617 97 2666 est.
106 2603 260 2677 nominat)
275 2603 428 2679 ‘injustum
443 2625 511 2669 esse,
526 2623 616 2678 neque
624 2603 671 2680 jus
685 2603 850 2680 persolvere.
891 2603 946 2662 sed
961 2603 996 2659 de

56 2683 126 2741 ‘istis
138 2684 223 2742 rebus
238 2683 266 2738 in
280 2684 368 2758 patrii
382 2683 497 2760 majores
511 2697 577 2740 natu
591 2685 774 2749 consulemus,
790 2701 845 2756 quo
859 2693 940 2755 pacto
949 2680 997 2757 jus

55 2769 192 2821 ‘nostrum
212 2761 413 2838 adipiscamur!
455 2763 526 2820 Cum
546 2762 587 2818 iris
608 2764 724 2820 nuncius
741 2761 858 2818 Ilornem
873 2761 908 2816 ed
929 2781 995 2818 con·

55 2842 191 2900 sulendurn
213 2842 287 2899 redit
298 2839 320 2897 ⁵.
361 2842 512 2900 Confestim
533 2843 595 2900 Rex
617 2841 658 2898 his
682 2843 767 2897 ferme
788 2839 877 2896 verbis
898 2839 994 2897 Patres

55 2923 229 2980 consulebat:
251 2929 258 2954 ‘
273 2921 397 2984 Quarum
406 2941 507 2986 rerum,
522 2921 622 2988 litium,
631 2940 773 2980 causarum
785 2919 995 2996 condixitpater

84 3033 91 3062 ¹
107 3035 160 3086 The
171 3049 266 3084 answer
278 3035 350 3098 given
361 3037 394 3098 by
402 3037 443 3082 the
455 3035 546 3091 listins,
555 3050 591 3082 we
601 3035 668 3081 lesrn
678 3033 741 3080 l'rorn
754 3031 890 3095 Dionysius
898 3040 924 3079 to
933 3033 1000 3080 hare

55 3103 117 3163 been,
135 3107 187 3152 that
204 3105 246 3152 the
263 3111 341 3166 treaty
352 3103 400 3150 had
412 3106 472 3150 been
485 3103 556 3149 made
568 3104 625 3149 with
640 3101 736 3153 Tullus,
750 3100 806 3156 end,
820 3115 851 3147 on
864 3099 902 3148 his
913 3099 994 3156 death,

58 3169 334 3235 tetsedtobebindiug.
408 3166 520 3219 'Dedi'er
529 3171 568 3217 ior
578 3175 641 3224 dedi,
654 3186 690 3231 pr·
705 3169 750 3215 int'.
760 3183 811 3228 pas.
864 3167 997 3218 'Siriesor

59 3241 261 3298 rturtuonierir.
331 3239 403 3287 ‘See
420 3238 605 3300 p-27‚rrote3„
676 3238 763 3287 ‘Cum
774 3239 817 3284 hir.
856 3236 929 3297 Upon
948 3237 997 3283 this

61 3306 94 3353 tle
103 3323 243 3372 mossenger
252 3315 350 3354 returns
359 3319 384 3353 to
397 3307 550 3362 Romu-sn
561 3305 699 3367 expression
710 3304 802 3352 similer
811 3313 836 3350 to
845 3305 913 3350 those
921 3303 1001 3349 which

62 3371 189 3439 frequently
196 3375 303 3423 occurin
314 3375 489 3422 conversation.
515 3377 572 3422 trun
583 3377 637 3428 tisis,
647 3373 720 3418 oil'he
730 3381 800 3418 went.
825 3371 861 3416 Dr
872 3369 999 3416 nosses.

63 3442 129 3502 -Up
141 3451 167 3490 to
178 3442 230 3490 this
242 3443 312 3502 point
331 3442 392 3504 Livy
405 3443 526 3489 describes
543 3443 584 3486 the
603 3440 736 3500 procedure
747 3439 775 3483 of
789 3439 831 3483 the
852 3433 959 3482 Feoisles
976 3433 1003 3479 in

63 3507 89 3553 all
104 3523 167 3556 cases
178 3511 209 3556 οἰ
223 3509 356 3556 meditated
369 3525 436 3568 παῖς
451 3512 497 3555 but
515 3509 539 3554 in
552 3509 618 3554 what
629 3506 731 3561 follows,
745 3503 831 3551 details
842 3503 883 3546 the
892 3497 965 3545 mode
977 3498 1003 3548 in

63 3575 131 3624 which
140 3577 191 3632 ‚titis
202 3577 336 3639 particular
346 3591 396 3624 war
406 3577 462 3637 only
473 3591 522 3622 was
534 3574 653 3636 solemnly
663 3570 823 3620 undertakes.

501 3659 520 3697 D
