2232 3862
127 254 164 310 ιο
513 222 547 316 r.
567 255 683 314 mvn·

125 411 184 477 bus,
199 421 293 489 captus
307 412 507 490 pulchritudine
520 416 613 480 boum,
628 433 712 489 quum
723 423 843 472 avertere
854 433 913 471 eam
924 413 1067 489 praedam

125 491 222 558 vellet;
241 493 313 566 quia,
327 493 351 548 si
363 495 470 568 agendo
483 505 635 552 armentum
650 495 677 550 in
691 494 847 570 speluncam
867 493 1063 568 compulisset,

125 570 185 644 ipsa
197 571 311 646 vestigia
323 583 497 646 quaerentem
512 573 653 631 domiuum
667 573 700 630 ab
711 573 861 630 deductura
871 585 963 638 erant;
979 591 1064 629 aver·

124 668 169 706 sos
183 651 274 715 bores,
288 651 418 710 eximium
432 671 568 727 quemque
578 651 787 727 pulchritudine,
798 652 892 710 caudis
904 651 934 707 in
947 651 1064 726 spelun-

125 747 185 787 cam
203 729 293 787 traxit.
334 729 479 798 Hercules,
497 733 532 788 ad
551 732 667 806 primam
686 750 811 790 auroram
827 749 923 786 somno
940 729 1062 797 excitus,
1106 793 1107 796 Ἴ

125 827 211 882 quum
224 827 334 884 gregem
348 810 536 883 perlustrasset
550 809 646 876 oculis,
667 821 695 867 et
711 819 817 886 partem
834 811 928 866 abesse
942 827 1062 865 numero

124 887 260 956 sensisset,
281 889 371 964 pergit
384 889 419 944 ad
432 889 584 964 proximam
597 889 762 965 speluncam,
777 889 800 944 si
813 889 882 945 forta
896 889 930 945 eb
943 889 1063 963 vestigia

101 1031 113 1038 ἡ
124 967 235 1027 ferrent.
263 967 343 1030 Quae
351 967 398 1024 ubi
408 967 499 1026 omnia
508 969 579 1025 foras
588 987 664 1024 versa
675 968 750 1059 vidit,
761 977 812 1024 nec
822 967 850 1023 in
860 979 965 1042 partem
976 967 1061 1024 aliam

123 1046 201 1112 ferre,
222 1046 350 1102 confusus
370 1057 461 1122 atque
455 1045 591 1104 incertus
611 1046 705 1113 enimi,
724 1064 758 1102 ex
778 1047 838 1102 loeo
858 1047 957 1104 infesto
975 1063 1060 1121 agere

104 1125 204 1231 porrd
214 1137 368 1184 armentum
379 1125 495 1201 occepit.
524 1124 593 1182 Inde
604 1145 689 1200 quum
699 1136 776 1182 actae
786 1125 869 1181 boves
878 1125 1012 1199 quaedam
1023 1126 1060 1181 ad

104 1186 298 1272 l‘desiderium
319 1215 350 1262 ut
365 1205 406 1272 fir,
423 1205 577 1262 relictarum
592 1206 765 1295 mugissent·
771 1203 878 1260 reddita
890 1204 1061 1260 inclusarum

123 1303 157 1340 ex
171 1284 301 1358 spelunca
313 1285 397 1341 boum
412 1303 465 1341 vox
480 1283 630 1342 Herculem
646 1281 797 1350 convertit3
816 1302 897 1357 quem
912 1302 998 1357 quum
1012 1303 1060 1339 re-

124 1362 234 1420 dentem
248 1363 283 1420 ad
297 1363 454 1438 speluncam
467 1363 557 1420 Cacus
568 1382 595 1418 rr
586 1360 749 1438 prohibere
758 1370 872 1420 conatus
883 1374 970 1429 esset;
987 1362 1062 1422 ictus

102 1509 105 1516 ι
124 1441 207 1510 clave,
222 1441 304 1500 fidem
320 1453 458 1517 pactorum
472 1443 653 1516 nequicquam
666 1441 803 1509 invocans,
817 1453 905 1498 morte
919 1441 1059 1498 occubuit.

125 1519 253 1578 Evander
267 1533 325 1577 tum
339 1541 380 1590 ee,
394 1522 524 1596 profugus
538 1541 572 1578 ex
583 1521 781 1597 Peloponneso,
796 1521 957 1578 auctoritate
971 1521 1060 1594 rengis

125 1615 217 1674 quem
227 1600 350 1676 imperio,
362 1602 482 1692 'regebat
500 1601 576 1658 loca:
597 1598 795 1657 venerabilis
771 1620 811 1656 vrr
824 1600 953 1656 miraculo
966 1599 1060 1656 litera-

125 1699 195 1746 rum,
209 1679 249 1736 rei
261 1699 347 1736 novae
360 1679 432 1738 iuter
441 1680 522 1738 rudes
535 1679 634 1736 artium
644 1677 784 1744 hominem
801 1678 979 1736 venerabilior
988 1679 1061 1734 divi-

126 1758 210 1814 nitate
224 1758 328 1816 credita
337 1759 499 1818 Carmentae
509 1759 610 1826 matris,
623 1777 704 1834 quam
714 1759 882 1833 fatiloquam,
891 1770 954 1814 ante
967 1757 1060 1833 Sibyl-

125 1838 167 1896 lae
180 1838 208 1893 in
222 1837 328 1896 Italiam
342 1839 499 1906 adventum,
513 1838 626 1896 auratae
638 1839 689 1894 hae
703 1851 798 1912 gentes
811 1838 927 1894 fuerant.
953 1836 981 1893 Is
996 1849 1060 1892 tum

127 1915 262 1984 Evander,
286 1937 419 1977 concursu
442 1929 590 1994 pastorum,
611 1916 805 1994 trepidantium
829 1917 901 1974 circa
923 1916 1059 1973 advenam

126 1996 282 2054 manifestae
300 2017 378 2054 reum
393 1998 492 2064 caedis,
507 1997 622 2064 excitus,
636 2007 780 2072 postquam
796 1996 901 2053 facinus
918 1995 1058 2068 facinoris·

125 2095 178 2149 que
192 2095 300 2132 causam
314 2075 426 2143 audivit,
441 2075 562 2133 habitum
576 2076 744 2150 formamque
755 2074 803 2130 riri
818 2075 984 2150 aliquantum
997 2091 1059 2130 am·
1106 2111 1107 2148 ;

125 2155 239 2231 pliorem
261 2155 500 2230 augustioremque
523 2153 649 2222 humanit,
670 2155 787 2222 intuens,
808 2153 935 2228 rogitat¹,
955 2153 1002 2228 qui
1016 2154 1059 2208 vir
1106 2151 1107 2162 ¹

126 2246 207 2290 esset.
236 2233 291 2292 Ubi
300 2255 398 2291 nomen
410 2247 569 2310 patremque
580 2253 611 2291 ac
619 2234 734 2308 patriam
744 2234 864 2310 accepim
882 2231 970 2289 ‘Jove
980 2246 1058 2300 nate,

127 2319 134 2344 ‘
150 2312 296 2379 Hercules,
312 2312 401 2380 salve,’
416 2314 520 2388 inquit;
541 2319 587 2370 ‘te
600 2311 668 2370 mihi
682 2325 776 2381 mater,
792 2311 909 2370 veridica
921 2311 1056 2387 interpres

127 2398 134 2424 ‘
150 2390 252 2456 Derim,
262 2391 403 2449 aucturum
413 2392 571 2450 coelestium
582 2395 724 2449 numerum
737 2392 853 2458 cecinit;
867 2391 971 2482 tibique
980 2409 1055 2448 aram

127 2469 193 2527 ‘hie
216 2471 363 2528 dicatum
356 2473 398 2539 rri,
422 2491 504 2546 quarn
524 2471 730 2546 opulentissime
753 2471 849 2528 olim
841 2491 869 2527 rn
891 2471 968 2526 terris
988 2489 1055 2545 gens

125 2548 301 2609 ‘Maximam
317 2564 404 2620 vocet,
425 2565 528 2626 tuoque
541 2552 596 2608 ritu
610 2549 699 2608 colat!
736 2551 844 2608 Dextri
857 2549 994 2606 Hercules
1007 2549 1056 2605 da·
1106 2559 1107 2608 3

126 2636 133 2662 ⁴
148 2629 195 2685 tia²
197 2629 336 2706 ,accipere
346 2651 376 2687 se
386 2649 476 2696 omen,
488 2631 719 2728 impleturumque
729 2631 792 2696 fata,
801 2629 1054 2726 eracopdithatqne

125 2707 253 2772 ‘dicata'
267 2709 314 2766 ait.
354 2709 398 2766 lbi
412 2721 471 2766 tum
484 2710 610 2786 primirm,
627 2710 696 2766 bore
710 2709 810 2766 eximia
824 2709 904 2786 capta
917 2709 951 2766 de
964 2727 1053 2783 grege,
1106 2733 1107 2760 r

123 2885 155 2923 ac
167 2867 289 2937 Pinariis,
302 2887 371 2943 quae
382 2881 439 2926 tum
450 2867 568 2926 familiae
578 2869 697 2925 maxime
684 2869 824 2945 inclytae
838 2887 871 2925 ea
883 2867 945 2924 loca
957 2867 1053 2923 incole

158 3037 164 3064 ¹
179 3041 280 3100 Regitur,
293 3045 396 3098 present,
408 3036 520 3084 followed
532 3038 563 3098 by
572 3047 636 3093 erret,
649 3044 709 3096 past,
721 3037 823 3084 because
834 3037 874 3083 the
886 3035 938 3082 first
945 3036 999 3082 verb
1010 3033 1029 3080 is
1040 3050 1053 3079 a

124 3103 219 3152 historic
230 3105 361 3164 imperfect,
380 3107 431 3152 that
447 3105 475 3162 is,
490 3120 592 3165 conveys
609 3105 648 3150 the
665 3103 719 3152 idea
730 3103 758 3150 of
771 3112 824 3164 past
834 3104 892 3160 time
903 3103 1004 3162 through
1016 3103 1053 3148 the

123 3172 229 3219 medinm
242 3173 270 3219 ol
278 3187 291 3218 a
301 3181 396 3232 present
407 3182 480 3228 tense,
494 3181 518 3219 to
531 3172 585 3234 give
594 3175 633 3218 the
642 3171 696 3226 idea
705 3186 770 3218 more
777 3171 904 3219 riridness.
973 3166 1052 3219 ’Dre-

123 3250 160 3287 tra
174 3243 361 3298 Herculcrldotn.
400 3240 425 3287 lt
440 3239 460 3286 is
477 3240 505 3286 οἳ
518 3239 665 3299 importante
682 3249 706 3286 to
723 3238 805 3285 attend
822 3249 847 3285 to
864 3240 903 3286 the
919 3237 1057 3298 positiones

123 3309 187 3354 tlrese
206 3307 291 3356 words.
335 3309 450 3364 Observa,
470 3323 495 3354 as
514 3323 529 3352 a
548 3305 644 3368 general
660 3305 720 3358 rule,
742 3307 792 3352 that
813 3307 873 3354 ‘the
889 3314 968 3370 agent,
987 3306 1051 3350 when

124 3380 131 3403 ‘
143 3377 234 3422 thrown
247 3375 271 3422 in
284 3377 390 3421 between
402 3375 441 3420 tbe
453 3389 518 3422 nouo
531 3373 577 3420 and
590 3375 629 3420 the
640 3371 770 3432 participle,
783 3373 803 3419 is
815 3375 854 3419 the
864 3382 936 3436 agent
947 3381 989 3419 not
999 3371 1052 3432 only

123 3448 130 3470 ‘
142 3443 166 3490 in
179 3445 219 3490 the
230 3441 327 3504 leading
338 3445 382 3488 but
397 3441 422 3487 in
435 3443 474 3488 the
486 3441 587 3488 ablative
599 3439 696 3488 clause.’
723 3441 798 3496 Thus,
812 3445 928 3490 Hercules
939 3445 992 3488 doto
1003 3445 1053 3487 dea·

122 3521 158 3558 tra
170 3511 227 3560 does
238 3519 281 3558 not
298 3508 400 3556 indicate
411 3511 466 3555 who
482 3510 502 3554 it
513 3523 561 3554 was
575 3511 625 3554 that
643 3507 689 3554 had
706 3507 831 3572 presented
848 3510 887 3554 the
904 3509 967 3570 right
977 3507 1052 3566 hand;

121 3583 200 3628 dextro
214 3581 330 3628 Hercules
342 3581 396 3626 doto
409 3575 522 3624 indicates
533 3577 584 3623 that
597 3575 716 3624 Hercules
727 3575 773 3623 had
785 3575 909 3638 presented
922 3575 948 3622 it.

32 2817 37 2830 ·¹
124 2779 230 2844 incr-um
244 2787 368 2856 Herculi,
389 2787 517 2846 adhibitis
534 2790 568 2846 ad
586 2769 767 2846 ministerium
781 2789 933 2864 dapemque
949 2787 1054 2844 Potitiis
1106 2803 1107 2834 1
