<?xml version="1.0" encoding="UTF-8"?>
<!DOCTYPE html PUBLIC "-//W3C//DTD XHTML 1.0 Transitional//EN"
    "http://www.w3.org/TR/xhtml1/DTD/xhtml1-transitional.dtd">
<html xmlns="http://www.w3.org/1999/xhtml" xml:lang="en" lang="en">
 <head>
  <title>
</title>
<meta http-equiv="Content-Type" content="text/html;charset=utf-8" />
  <meta name='ocr-system' content='tesseract 3.04.00' />
  <meta name='ocr-capabilities' content='ocr_page ocr_carea ocr_par ocr_line ocrx_word'/>
</head>
<body>
  <div class='ocr_page' id='page_1' title='image "./titiliviipatavi04livygoog_0151.png"; bbox 0 0 2230 3846; ppageno 0'>
   <div class='ocr_carea' id='block_1_1' title="bbox 461 177 1015 240">
    <p class='ocr_par' dir='ltr' id='par_1_1' title="bbox 461 177 1015 240">
     <span class='ocr_line' id='line_1_1' title="bbox 461 177 1015 240; baseline 0 -4"><span class='ocrx_word' id='word_1_1' title='bbox 461 177 584 240; x_wconf 85' lang='lat' dir='ltr'>LIBER</span> <span class='ocrx_word' id='word_1_2' title='bbox 605 181 644 240; x_wconf 90' lang='lat' dir='ltr'><strong>Il.</strong></span> <span class='ocrx_word' id='word_1_3' title='bbox 961 182 1015 238; x_wconf 85' lang='grc'><strong>139</strong></span> 
     </span>
    </p>
   </div>
   <div class='ocr_carea' id='block_1_2' title="bbox 19 336 1016 1900">
    <p class='ocr_par' dir='ltr' id='par_1_2' title="bbox 83 336 1016 1756">
     <span class='ocr_line' id='line_1_2' title="bbox 86 336 1015 416; baseline 0.004 -20"><span class='ocrx_word' id='word_1_4' title='bbox 86 338 182 397; x_wconf 82' lang='lat' dir='ltr'><strong>Victus</strong></span> <span class='ocrx_word' id='word_1_5' title='bbox 195 337 317 404; x_wconf 86' lang='lat' dir='ltr'><strong>tandem,</strong></span> <span class='ocrx_word' id='word_1_6' title='bbox 332 336 568 414; x_wconf 81' lang='lat' dir='ltr'><strong>(quandoquidem</strong></span> <span class='ocrx_word' id='word_1_7' title='bbox 585 338 652 396; x_wconf 91' lang='lat' dir='ltr'><strong>nibil</strong></span> <span class='ocrx_word' id='word_1_8' title='bbox 665 349 773 416; x_wconf 82' lang='lat' dir='ltr'><strong>praeter</strong></span> <span class='ocrx_word' id='word_1_9' title='bbox 785 349 894 416; x_wconf 86' lang='lat' dir='ltr'><strong>tempus</strong></span> <span class='ocrx_word' id='word_1_10' title='bbox 907 339 1015 400; x_wconf 71' lang='lat' dir='ltr'><strong>noxae¹</strong></span> 
     </span>
     <span class='ocr_line' id='line_1_3' title="bbox 83 415 1016 496; baseline 0.003 -22"><span class='ocrx_word' id='word_1_11' title='bbox 83 415 279 490; x_wconf 87' lang='lat' dir='ltr'><strong>lucrarentur,)</strong></span> <span class='ocrx_word' id='word_1_12' title='bbox 293 417 407 474; x_wconf 72' lang='lat' dir='ltr'><strong>remhsb</strong></span> <span class='ocrx_word' id='word_1_13' title='bbox 420 418 560 486; x_wconf 80' lang='lat' dir='ltr'>concione,</span> <span class='ocrx_word' id='word_1_14' title='bbox 570 417 623 476; x_wconf 90' lang='lat' dir='ltr'><strong>iter</strong></span> <span class='ocrx_word' id='word_1_15' title='bbox 631 418 659 474; x_wconf 94' lang='lat' dir='ltr'><strong>in</strong></span> <span class='ocrx_word' id='word_1_16' title='bbox 670 419 858 492; x_wconf 77' lang='lat' dir='ltr'><strong>insequentem</strong></span> <span class='ocrx_word' id='word_1_17' title='bbox 869 419 942 476; x_wconf 88' lang='lat' dir='ltr'><strong>diem</strong></span> <span class='ocrx_word' id='word_1_18' title='bbox 953 437 1016 496; x_wconf 92' lang='lat' dir='ltr'><strong>pro·</strong></span> 
     </span>
     <span class='ocr_line' id='line_1_4' title="bbox 83 493 1015 573; baseline 0.001 -19"><span class='ocrx_word' id='word_1_19' title='bbox 83 495 206 554; x_wconf 76' lang='lat' dir='ltr'><strong>nunciati</strong></span> <span class='ocrx_word' id='word_1_20' title='bbox 219 514 306 569; x_wconf 87' lang='lat' dir='ltr'><strong>quum</strong></span> <span class='ocrx_word' id='word_1_21' title='bbox 317 493 455 570; x_wconf 87' lang='lat' dir='ltr'><strong>jussisset,</strong></span> <span class='ocrx_word' id='word_1_22' title='bbox 474 498 562 572; x_wconf 78' lang='lat' dir='ltr'><strong>primia</strong></span> <span class='ocrx_word' id='word_1_23' title='bbox 581 497 643 554; x_wconf 91' lang='lat' dir='ltr'><strong>luce</strong></span> <span class='ocrx_word' id='word_1_24' title='bbox 661 497 774 554; x_wconf 87' lang='lat' dir='ltr'><strong>classico</strong></span> <span class='ocrx_word' id='word_1_25' title='bbox 789 497 896 572; x_wconf 86' lang='lat' dir='ltr'><strong>signum</strong></span> <span class='ocrx_word' id='word_1_26' title='bbox 910 499 1015 573; x_wconf 83' lang='lat' dir='ltr'><strong>proiec-</strong></span> 
     </span>
     <span class='ocr_line' id='line_1_5' title="bbox 84 574 1014 652; baseline 0 -20"><span class='ocrx_word' id='word_1_27' title='bbox 84 575 164 632; x_wconf 83' lang='lat' dir='ltr'>tionis</span> <span class='ocrx_word' id='word_1_28' title='bbox 183 575 271 631; x_wconf 82' lang='lat' dir='ltr'><strong>dedit.</strong></span> <span class='ocrx_word' id='word_1_29' title='bbox 310 574 405 637; x_wconf 81' lang='lat' dir='ltr'><strong>Quum</strong></span> <span class='ocrx_word' id='word_1_30' title='bbox 425 576 543 632; x_wconf 77' lang='lat' dir='ltr'><strong>maxime</strong></span> <span class='ocrx_word' id='word_1_31' title='bbox 562 595 660 650; x_wconf 86' lang='lat' dir='ltr'><strong>agmen</strong></span> <span class='ocrx_word' id='word_1_32' title='bbox 681 595 697 632; x_wconf 90' lang='lat' dir='ltr'><strong>e</strong></span> <span class='ocrx_word' id='word_1_33' title='bbox 716 576 810 632; x_wconf 75' lang='lat' dir='ltr'><strong>cestris</strong></span> <span class='ocrx_word' id='word_1_34' title='bbox 824 576 1014 652; x_wconf 75' lang='lat' dir='ltr'>explicaretur,</span> 
     </span>
     <span class='ocr_line' id='line_1_6' title="bbox 85 653 1016 728; baseline 0.002 -18"><span class='ocrx_word' id='word_1_35' title='bbox 85 653 185 721; x_wconf 89' lang='lat' dir='ltr'><strong>Volsci,</strong></span> <span class='ocrx_word' id='word_1_36' title='bbox 206 664 239 709; x_wconf 90' lang='lat' dir='ltr'><strong>ut</strong></span> <span class='ocrx_word' id='word_1_37' title='bbox 259 653 357 710; x_wconf 89' lang='lat' dir='ltr'><strong>eodem</strong></span> <span class='ocrx_word' id='word_1_38' title='bbox 370 653 449 728; x_wconf 90' lang='lat' dir='ltr'><strong>signo</strong></span> <span class='ocrx_word' id='word_1_39' title='bbox 462 654 582 721; x_wconf 84' lang='lat' dir='ltr'><strong>excitati,</strong></span> <span class='ocrx_word' id='word_1_40' title='bbox 602 654 764 712; x_wconf 89' lang='lat' dir='ltr'><strong>novissimos</strong></span> <span class='ocrx_word' id='word_1_41' title='bbox 776 653 944 712; x_wconf 84' lang='lat' dir='ltr'><strong>adoriuntur.</strong></span> <span class='ocrx_word' id='word_1_42' title='bbox 985 655 1016 712; x_wconf 90' lang='lat' dir='ltr'><strong>A</strong></span> 
     </span>
     <span class='ocr_line' id='line_1_7' title="bbox 83 731 1015 809; baseline 0.004 -21"><span class='ocrx_word' id='word_1_43' title='bbox 83 731 180 808; x_wconf 90' lang='lat' dir='ltr'><strong>quibus</strong></span> <span class='ocrx_word' id='word_1_44' title='bbox 199 731 322 808; x_wconf 90' lang='lat' dir='ltr'><strong>perlatus</strong></span> <span class='ocrx_word' id='word_1_45' title='bbox 341 732 377 788; x_wconf 85' lang='lat' dir='ltr'><strong>cd</strong></span> <span class='ocrx_word' id='word_1_46' title='bbox 395 732 498 808; x_wconf 89' lang='lat' dir='ltr'><strong>primos</strong></span> <span class='ocrx_word' id='word_1_47' title='bbox 518 733 661 800; x_wconf 87' lang='lat' dir='ltr'><strong>tumultus,</strong></span> <span class='ocrx_word' id='word_1_48' title='bbox 682 752 716 790; x_wconf 92' lang='lat' dir='ltr'><strong>eo</strong></span> <span class='ocrx_word' id='word_1_49' title='bbox 730 752 829 809; x_wconf 91' lang='lat' dir='ltr'><strong>pavore</strong></span> <span class='ocrx_word' id='word_1_50' title='bbox 842 733 973 808; x_wconf 88' lang='lat' dir='ltr'><strong>signaque</strong></span> <span class='ocrx_word' id='word_1_51' title='bbox 986 745 1015 792; x_wconf 86' lang='lat' dir='ltr'><strong>et</strong></span> 
     </span>
     <span class='ocr_line' id='line_1_8' title="bbox 84 810 1015 888; baseline 0 -20"><span class='ocrx_word' id='word_1_52' title='bbox 84 811 191 868; x_wconf 84' lang='lat' dir='ltr'><strong>ordines</strong></span> <span class='ocrx_word' id='word_1_53' title='bbox 211 810 342 879; x_wconf 86' lang='lat' dir='ltr'><strong>turbavit,</strong></span> <span class='ocrx_word' id='word_1_54' title='bbox 361 823 394 868; x_wconf 93' lang='lat' dir='ltr'><strong>ut</strong></span> <span class='ocrx_word' id='word_1_55' title='bbox 413 830 502 886; x_wconf 92' lang='lat' dir='ltr'><strong>neque</strong></span> <span class='ocrx_word' id='word_1_56' title='bbox 521 812 635 888; x_wconf 87' lang='lat' dir='ltr'><strong>imperia</strong></span> <span class='ocrx_word' id='word_1_57' title='bbox 654 811 785 879; x_wconf 86' lang='lat' dir='ltr'><strong>exaudiri,</strong></span> <span class='ocrx_word' id='word_1_58' title='bbox 805 831 894 888; x_wconf 87' lang='lat' dir='ltr'><strong>neque</strong></span> <span class='ocrx_word' id='word_1_59' title='bbox 917 813 1015 870; x_wconf 87' lang='lat' dir='ltr'><strong>instrui</strong></span> 
     </span>
     <span class='ocr_line' id='line_1_9' title="bbox 84 889 1015 966; baseline 0.001 -19"><span class='ocrx_word' id='word_1_60' title='bbox 84 889 154 947; x_wconf 86' lang='lat' dir='ltr'><strong>acies</strong></span> <span class='ocrx_word' id='word_1_61' title='bbox 174 901 297 965; x_wconf 82' lang='lat' dir='ltr'><strong>possent.</strong></span> <span class='ocrx_word' id='word_1_62' title='bbox 338 889 430 946; x_wconf 92' lang='lat' dir='ltr'><strong>Nemo</strong></span> <span class='ocrx_word' id='word_1_63' title='bbox 443 892 533 960; x_wconf 88' lang='lat' dir='ltr'><strong>ullius,</strong></span> <span class='ocrx_word' id='word_1_64' title='bbox 547 891 600 948; x_wconf 89' lang='lat' dir='ltr'><strong>nisi</strong></span> <span class='ocrx_word' id='word_1_65' title='bbox 613 892 702 966; x_wconf 84' lang='lat' dir='ltr'><strong>fugae,</strong></span> <span class='ocrx_word' id='word_1_66' title='bbox 716 910 829 950; x_wconf 88' lang='lat' dir='ltr'><strong>memor.</strong></span> <span class='ocrx_word' id='word_1_67' title='bbox 869 890 913 949; x_wconf 90' lang='lat' dir='ltr'><strong>Ita</strong></span> <span class='ocrx_word' id='word_1_68' title='bbox 926 890 1015 950; x_wconf 79' lang='lat' dir='ltr'><strong>effuso</strong></span> 
     </span>
     <span class='ocr_line' id='line_1_10' title="bbox 83 967 1015 1046; baseline 0.002 -22"><span class='ocrx_word' id='word_1_69' title='bbox 83 967 189 1043; x_wconf 80' lang='lat' dir='ltr'><strong>agmine</strong></span> <span class='ocrx_word' id='word_1_70' title='bbox 203 987 254 1044; x_wconf 89' lang='lat' dir='ltr'><strong>per</strong></span> <span class='ocrx_word' id='word_1_71' title='bbox 266 980 385 1043; x_wconf 88' lang='lat' dir='ltr'><strong>stragem</strong></span> <span class='ocrx_word' id='word_1_72' title='bbox 400 988 544 1046; x_wconf 84' lang='lat' dir='ltr'><strong>corporum</strong></span> <span class='ocrx_word' id='word_1_73' title='bbox 557 989 749 1044; x_wconf 77' lang='lat' dir='ltr'><strong>armorumque</strong></span> <span class='ocrx_word' id='word_1_74' title='bbox 763 989 881 1035; x_wconf 89' lang='lat' dir='ltr'><strong>evusere,</strong></span> <span class='ocrx_word' id='word_1_75' title='bbox 896 982 926 1026; x_wconf 91' lang='lat' dir='ltr'><strong>ut</strong></span> <span class='ocrx_word' id='word_1_76' title='bbox 940 970 1015 1045; x_wconf 80' lang='lat' dir='ltr'><strong>priris</strong></span> 
     </span>
     <span class='ocr_line' id='line_1_11' title="bbox 84 1045 1014 1123; baseline 0.002 -21"><span class='ocrx_word' id='word_1_77' title='bbox 84 1045 166 1104; x_wconf 85' lang='lat' dir='ltr'><strong>hostis</strong></span> <span class='ocrx_word' id='word_1_78' title='bbox 187 1046 335 1104; x_wconf 77' lang='lat' dir='ltr'><strong>desisteret</strong></span> <span class='ocrx_word' id='word_1_79' title='bbox 357 1047 445 1122; x_wconf 86' lang='lat' dir='ltr'><strong>sequi,</strong></span> <span class='ocrx_word' id='word_1_80' title='bbox 466 1047 550 1123; x_wconf 74' lang='lat' dir='ltr'><strong>quiem</strong></span> <span class='ocrx_word' id='word_1_81' title='bbox 574 1049 715 1106; x_wconf 80' lang='lat' dir='ltr'><strong>Romanus</strong></span> <span class='ocrx_word' id='word_1_82' title='bbox 736 1050 840 1123; x_wconf 85' lang='lat' dir='ltr'><strong>fugere.</strong></span> <span class='ocrx_word' id='word_1_83' title='bbox 880 1047 1014 1114; x_wconf 86' lang='lat' dir='ltr'><strong>Tandem,</strong></span> 
     </span>
     <span class='ocr_line' id='line_1_12' title="bbox 85 1125 1016 1202; baseline 0.002 -20"><span class='ocrx_word' id='word_1_84' title='bbox 85 1125 204 1183; x_wconf 78' lang='lat' dir='ltr'><strong>collectis</strong></span> <span class='ocrx_word' id='word_1_85' title='bbox 218 1145 253 1182; x_wconf 85' lang='lat' dir='ltr'><strong>ex</strong></span> <span class='ocrx_word' id='word_1_86' title='bbox 268 1126 399 1202; x_wconf 86' lang='lat' dir='ltr'><strong>dissipato</strong></span> <span class='ocrx_word' id='word_1_87' title='bbox 412 1146 493 1184; x_wconf 91' lang='lat' dir='ltr'><strong>cursu</strong></span> <span class='ocrx_word' id='word_1_88' title='bbox 502 1127 642 1194; x_wconf 81' lang='lat' dir='ltr'><strong>militibus,</strong></span> <span class='ocrx_word' id='word_1_89' title='bbox 653 1127 757 1194; x_wconf 87' lang='lat' dir='ltr'><strong>consul,</strong></span> <span class='ocrx_word' id='word_1_90' title='bbox 767 1145 852 1200; x_wconf 87' lang='lat' dir='ltr'><strong>quum</strong></span> <span class='ocrx_word' id='word_1_91' title='bbox 862 1128 1016 1184; x_wconf 88' lang='lat' dir='ltr'><strong>revocando</strong></span> 
     </span>
     <span class='ocr_line' id='line_1_13' title="bbox 84 1204 1015 1281; baseline -0.001 -19"><span class='ocrx_word' id='word_1_92' title='bbox 84 1204 263 1280; x_wconf 81' lang='lat' dir='ltr'><strong>nequicquam</strong></span> <span class='ocrx_word' id='word_1_93' title='bbox 284 1223 349 1260; x_wconf 89' lang='grc' dir='ltr'>ιοοι</span> <span class='ocrx_word' id='word_1_94' title='bbox 361 1219 522 1280; x_wconf 88' lang='lat' dir='ltr'><strong>persecutns</strong></span> <span class='ocrx_word' id='word_1_95' title='bbox 541 1217 622 1273; x_wconf 87' lang='lat' dir='ltr'><strong>esset,</strong></span> <span class='ocrx_word' id='word_1_96' title='bbox 636 1207 664 1263; x_wconf 93' lang='lat' dir='ltr'><strong>in</strong></span> <span class='ocrx_word' id='word_1_97' title='bbox 678 1218 774 1281; x_wconf 86' lang='lat' dir='ltr'><strong>pacato</strong></span> <span class='ocrx_word' id='word_1_98' title='bbox 787 1224 852 1280; x_wconf 84' lang='lat' dir='ltr'><strong>agro</strong></span> <span class='ocrx_word' id='word_1_99' title='bbox 865 1218 954 1264; x_wconf 88' lang='lat' dir='ltr'><strong>castra</strong></span> <span class='ocrx_word' id='word_1_100' title='bbox 966 1225 1015 1280; x_wconf 95' lang='lat' dir='ltr'><strong>po-</strong></span> 
     </span>
     <span class='ocr_line' id='line_1_14' title="bbox 84 1280 1014 1361; baseline 0 -21"><span class='ocrx_word' id='word_1_101' title='bbox 84 1285 151 1352; x_wconf 88' lang='lat' dir='ltr'><strong>suit;</strong></span> <span class='ocrx_word' id='word_1_102' title='bbox 169 1282 359 1358; x_wconf 67' lang='lat' dir='ltr'><strong>advocatique</strong></span> <span class='ocrx_word' id='word_1_103' title='bbox 378 1285 518 1352; x_wconf 90' lang='lat' dir='ltr'><strong>concione,</strong></span> <span class='ocrx_word' id='word_1_104' title='bbox 538 1281 754 1342; x_wconf 50' lang='lat' dir='ltr'><strong>invectionum</strong></span> <span class='ocrx_word' id='word_1_105' title='bbox 771 1280 839 1342; x_wconf 76' lang='lat' dir='ltr'><strong>falsu</strong></span> <span class='ocrx_word' id='word_1_106' title='bbox 851 1283 879 1340; x_wconf 91' lang='lat' dir='ltr'><strong>in</strong></span> <span class='ocrx_word' id='word_1_107' title='bbox 893 1285 1014 1361; x_wconf 91' lang='lat' dir='ltr'><strong>prodito·</strong></span> 
     </span>
     <span class='ocr_line' id='line_1_15' title="bbox 84 1363 1015 1439; baseline 0 -20"><span class='ocrx_word' id='word_1_108' title='bbox 84 1382 138 1419; x_wconf 88' lang='lat' dir='ltr'><strong>rem</strong></span> <span class='ocrx_word' id='word_1_109' title='bbox 158 1363 313 1420; x_wconf 87' lang='lat' dir='ltr'><strong>exercitum</strong></span> <span class='ocrx_word' id='word_1_110' title='bbox 334 1363 457 1420; x_wconf 86' lang='lat' dir='ltr'><strong>militaris</strong></span> <span class='ocrx_word' id='word_1_111' title='bbox 480 1364 648 1439; x_wconf 86' lang='lat' dir='ltr'><strong>disciplinae,</strong></span> <span class='ocrx_word' id='word_1_112' title='bbox 669 1365 835 1426; x_wconf 80' lang='lat' dir='ltr'><strong>desertorem</strong></span> <span class='ocrx_word' id='word_1_113' title='bbox 856 1365 1015 1439; x_wconf 83' lang='lat' dir='ltr'><strong>signorum;</strong></span> 
     </span>
     <span class='ocr_line' id='line_1_16' title="bbox 84 1441 1013 1518; baseline 0.002 -21"><span class='ocrx_word' id='word_1_114' title='bbox 84 1441 127 1498; x_wconf 91' lang='lat' dir='ltr'><strong>ubi</strong></span> <span class='ocrx_word' id='word_1_115' title='bbox 139 1441 227 1517; x_wconf 85' lang='lat' dir='ltr'><strong>signa,</strong></span> <span class='ocrx_word' id='word_1_116' title='bbox 241 1441 291 1497; x_wconf 91' lang='lat' dir='ltr'><strong>uhi</strong></span> <span class='ocrx_word' id='word_1_117' title='bbox 303 1460 379 1498; x_wconf 81' lang='lat' dir='ltr'><strong>arms</strong></span> <span class='ocrx_word' id='word_1_118' title='bbox 391 1455 490 1510; x_wconf 90' lang='lat' dir='ltr'><strong>essent,</strong></span> <span class='ocrx_word' id='word_1_119' title='bbox 501 1441 622 1518; x_wconf 89' lang='lat' dir='ltr'><strong>singulos</strong></span> <span class='ocrx_word' id='word_1_120' title='bbox 635 1443 763 1518; x_wconf 87' lang='lat' dir='ltr'><strong>rogitans,</strong></span> <span class='ocrx_word' id='word_1_121' title='bbox 773 1443 890 1500; x_wconf 88' lang='lat' dir='ltr'><strong>inermes</strong></span> <span class='ocrx_word' id='word_1_122' title='bbox 904 1442 1013 1507; x_wconf 85' lang='lat' dir='ltr'><strong>milites,</strong></span> 
     </span>
     <span class='ocr_line' id='line_1_17' title="bbox 84 1519 1013 1597; baseline 0.002 -21"><span class='ocrx_word' id='word_1_123' title='bbox 84 1521 158 1596; x_wconf 86' lang='lat' dir='ltr'><strong>signo</strong></span> <span class='ocrx_word' id='word_1_124' title='bbox 171 1520 275 1576; x_wconf 87' lang='lat' dir='ltr'><strong>amisso</strong></span> <span class='ocrx_word' id='word_1_125' title='bbox 286 1519 428 1595; x_wconf 82' lang='lat' dir='ltr'><strong>signiferos</strong></span> <span class='ocrx_word' id='word_1_126' title='bbox 437 1521 464 1589; x_wconf 68' lang='grc'><strong>2;</strong></span> <span class='ocrx_word' id='word_1_127' title='bbox 481 1523 516 1579; x_wconf 84' lang='lat' dir='ltr'><strong>ud</strong></span> <span class='ocrx_word' id='word_1_128' title='bbox 524 1521 576 1580; x_wconf 94' lang='lat' dir='ltr'><strong>hoc</strong></span> <span class='ocrx_word' id='word_1_129' title='bbox 584 1523 756 1580; x_wconf 83' lang='lat' dir='ltr'><strong>centuriones</strong></span> <span class='ocrx_word' id='word_1_130' title='bbox 766 1521 984 1597; x_wconf 87' lang='lat' dir='ltr'><strong>duplicariosque</strong></span> <span class='ocrx_word' id='word_1_131' title='bbox 993 1519 1013 1587; x_wconf 81' lang='lat'><strong>³,</strong></span> 
     </span>
     <span class='ocr_line' id='line_1_18' title="bbox 84 1599 1015 1676; baseline 0.001 -21"><span class='ocrx_word' id='word_1_132' title='bbox 84 1599 126 1674; x_wconf 92' lang='lat' dir='ltr'><strong>qui</strong></span> <span class='ocrx_word' id='word_1_133' title='bbox 138 1599 308 1674; x_wconf 88' lang='lat' dir='ltr'><strong>reliquerant</strong></span> <span class='ocrx_word' id='word_1_134' title='bbox 315 1600 433 1668; x_wconf 86' lang='lat' dir='ltr'><strong>ordines,</strong></span> <span class='ocrx_word' id='word_1_135' title='bbox 445 1601 526 1676; x_wconf 88' lang='lat' dir='ltr'><strong>virgis</strong></span> <span class='ocrx_word' id='word_1_136' title='bbox 536 1620 628 1658; x_wconf 79' lang='lat' dir='ltr'><strong>coetos</strong></span> <span class='ocrx_word' id='word_1_137' title='bbox 637 1601 725 1658; x_wconf 88' lang='lat' dir='ltr'><strong>securi</strong></span> <span class='ocrx_word' id='word_1_138' title='bbox 739 1601 879 1676; x_wconf 84' lang='lat' dir='ltr'><strong>percussit.</strong></span> <span class='ocrx_word' id='word_1_139' title='bbox 914 1601 1015 1659; x_wconf 85' lang='lat' dir='ltr'><strong>Cetera</strong></span> 
     </span>
     <span class='ocr_line' id='line_1_19' title="bbox 84 1678 923 1756; baseline 0.001 -22"><span class='ocrx_word' id='word_1_140' title='bbox 84 1678 229 1734; x_wconf 89' lang='lat' dir='ltr'><strong>multitudo</strong></span> <span class='ocrx_word' id='word_1_141' title='bbox 243 1691 318 1736; x_wconf 89' lang='lat' dir='ltr'><strong>sorte</strong></span> <span class='ocrx_word' id='word_1_142' title='bbox 332 1678 479 1736; x_wconf 79' lang='lat' dir='ltr'><strong>decimus4</strong></span> <span class='ocrx_word' id='word_1_143' title='bbox 493 1680 608 1755; x_wconf 81' lang='lat' dir='ltr'><strong>quisque</strong></span> <span class='ocrx_word' id='word_1_144' title='bbox 621 1681 656 1738; x_wconf 85' lang='lat' dir='ltr'><strong>ad</strong></span> <span class='ocrx_word' id='word_1_145' title='bbox 673 1679 835 1756; x_wconf 88' lang='lat' dir='ltr'><strong>supplicium</strong></span> <span class='ocrx_word' id='word_1_146' title='bbox 850 1680 923 1736; x_wconf 90' lang='lat' dir='ltr'><strong>lecti.</strong></span> 
     </span>
    </p>

    <p class='ocr_par' dir='ltr' id='par_1_3' title="bbox 19 1755 1016 1900">
     <span class='ocr_line' id='line_1_20' title="bbox 19 1755 1013 1832; baseline 0.002 -20"><span class='ocrx_word' id='word_1_147' title='bbox 19 1767 27 1816; x_wconf 89' lang='grc'><strong>“,</strong></span> <span class='ocrx_word' id='word_1_148' title='bbox 118 1755 181 1814; x_wconf 88' lang='lat' dir='ltr'><strong>LX.</strong></span> <span class='ocrx_word' id='word_1_149' title='bbox 201 1757 307 1814; x_wconf 89' lang='lat' dir='ltr'><strong>Contra</strong></span> <span class='ocrx_word' id='word_1_150' title='bbox 327 1777 367 1826; x_wconf 91' lang='lat' dir='ltr'><strong>ea,</strong></span> <span class='ocrx_word' id='word_1_151' title='bbox 388 1759 415 1814; x_wconf 91' lang='lat' dir='ltr'><strong>in</strong></span> <span class='ocrx_word' id='word_1_152' title='bbox 431 1758 538 1832; x_wconf 88' lang='lat' dir='ltr'><strong>Aequis</strong></span> <span class='ocrx_word' id='word_1_153' title='bbox 557 1761 628 1816; x_wconf 89' lang='lat' dir='ltr'><strong>inter</strong></span> <span class='ocrx_word' id='word_1_154' title='bbox 639 1759 779 1816; x_wconf 89' lang='lat' dir='ltr'><strong>consulem</strong></span> <span class='ocrx_word' id='word_1_155' title='bbox 794 1779 826 1816; x_wconf 90' lang='lat' dir='ltr'><strong>ao</strong></span> <span class='ocrx_word' id='word_1_156' title='bbox 840 1757 953 1816; x_wconf 91' lang='lat' dir='ltr'><strong>militem</strong></span> <span class='ocrx_word' id='word_1_157' title='bbox 967 1777 1013 1814; x_wconf 89' lang='lat' dir='ltr'><strong>oo·</strong></span> 
     </span>
     <span class='ocr_line' id='line_1_21' title="bbox 85 1834 1016 1900; baseline 0.002 -8"><span class='ocrx_word' id='word_1_158' title='bbox 85 1835 173 1892; x_wconf 84' lang='lat' dir='ltr'><strong>nitate</strong></span> <span class='ocrx_word' id='word_1_159' title='bbox 187 1855 221 1892; x_wconf 88' lang='lat' dir='ltr'><strong>ac</strong></span> <span class='ocrx_word' id='word_1_160' title='bbox 234 1834 375 1894; x_wconf 88' lang='lat' dir='ltr'><strong>beneficiis</strong></span> <span class='ocrx_word' id='word_1_161' title='bbox 389 1850 522 1894; x_wconf 90' lang='lat' dir='ltr'><strong>certatum</strong></span> <span class='ocrx_word' id='word_1_162' title='bbox 536 1851 586 1894; x_wconf 89' lang='lat' dir='ltr'><strong>est.</strong></span> <span class='ocrx_word' id='word_1_163' title='bbox 627 1837 666 1896; x_wconf 91' lang='lat' dir='ltr'><strong>Et</strong></span> <span class='ocrx_word' id='word_1_164' title='bbox 687 1837 784 1894; x_wconf 74' lang='lat' dir='ltr'><strong>naturis</strong></span> <span class='ocrx_word' id='word_1_165' title='bbox 797 1837 944 1900; x_wconf 82' lang='lat' dir='ltr'><strong>Quinctius</strong></span> <span class='ocrx_word' id='word_1_166' title='bbox 956 1849 1016 1894; x_wconf 88' lang='lat' dir='ltr'><strong>erat</strong></span> 
     </span>
    </p>
   </div>
   <div class='ocr_carea' id='block_1_3' title="bbox 84 1913 1014 2148">
    <p class='ocr_par' dir='ltr' id='par_1_4' title="bbox 84 1913 1014 2148">
     <span class='ocr_line' id='line_1_22' title="bbox 84 1913 1014 1992; baseline 0 -22"><span class='ocrx_word' id='word_1_167' title='bbox 84 1915 173 1983; x_wconf 89' lang='lat' dir='ltr'><strong>lenior,</strong></span> <span class='ocrx_word' id='word_1_168' title='bbox 195 1929 225 1972; x_wconf 92' lang='lat' dir='ltr'><strong>et</strong></span> <span class='ocrx_word' id='word_1_169' title='bbox 246 1915 360 1972; x_wconf 86' lang='lat' dir='ltr'><strong>saevitia</strong></span> <span class='ocrx_word' id='word_1_170' title='bbox 373 1915 467 1972; x_wconf 86' lang='lat' dir='ltr'><strong>infelix</strong></span> <span class='ocrx_word' id='word_1_171' title='bbox 480 1916 609 1992; x_wconf 72' lang='lat' dir='ltr'><strong>collegae,</strong></span> <span class='ocrx_word' id='word_1_172' title='bbox 624 1936 679 1990; x_wconf 89' lang='lat' dir='ltr'><strong>quo</strong></span> <span class='ocrx_word' id='word_1_173' title='bbox 693 1917 715 1972; x_wconf 88' lang='lat' dir='ltr'><strong>ie</strong></span> <span class='ocrx_word' id='word_1_174' title='bbox 729 1915 815 1990; x_wconf 86' lang='lat' dir='ltr'><strong>magis</strong></span> <span class='ocrx_word' id='word_1_175' title='bbox 828 1916 960 1989; x_wconf 82' lang='lat' dir='ltr'><strong>gauderet</strong></span> <span class='ocrx_word' id='word_1_176' title='bbox 973 1913 1014 1970; x_wconf 92' lang='lat' dir='ltr'><strong>iu·</strong></span> 
     </span>
     <span class='ocr_line' id='line_1_23' title="bbox 84 1992 1014 2067; baseline -0.003 -17"><span class='ocrx_word' id='word_1_177' title='bbox 84 1994 158 2067; x_wconf 87' lang='lat' dir='ltr'><strong>genio</strong></span> <span class='ocrx_word' id='word_1_178' title='bbox 179 2013 242 2062; x_wconf 88' lang='lat' dir='ltr'><strong>suo,</strong></span> <span class='ocrx_word' id='word_1_179' title='bbox 264 1993 401 2051; x_wconf 82' lang='lat' dir='ltr'><strong>effecerat.</strong></span> <span class='ocrx_word' id='word_1_180' title='bbox 442 1994 519 2052; x_wconf 91' lang='lat' dir='ltr'><strong>Huic</strong></span> <span class='ocrx_word' id='word_1_181' title='bbox 539 2007 630 2052; x_wconf 86' lang='lat' dir='ltr'><strong>tantae</strong></span> <span class='ocrx_word' id='word_1_182' title='bbox 644 1993 805 2052; x_wconf 88' lang='lat' dir='ltr'><strong>concordiae</strong></span> <span class='ocrx_word' id='word_1_183' title='bbox 820 1993 898 2050; x_wconf 91' lang='lat' dir='ltr'><strong>ducis</strong></span> <span class='ocrx_word' id='word_1_184' title='bbox 911 1992 1014 2050; x_wconf 88' lang='lat' dir='ltr'><strong>exerci-</strong></span> 
     </span>
     <span class='ocr_line' id='line_1_24' title="bbox 85 2070 1014 2148; baseline -0.001 -21"><span class='ocrx_word' id='word_1_185' title='bbox 85 2073 177 2148; x_wconf 82' lang='lat' dir='ltr'><strong>tisque</strong></span> <span class='ocrx_word' id='word_1_186' title='bbox 192 2091 251 2128; x_wconf 92' lang='lat' dir='ltr'><strong>non</strong></span> <span class='ocrx_word' id='word_1_187' title='bbox 264 2072 323 2130; x_wconf 88' lang='lat' dir='ltr'><strong>ausi</strong></span> <span class='ocrx_word' id='word_1_188' title='bbox 337 2073 434 2130; x_wconf 85' lang='lat' dir='ltr'><strong>offerre</strong></span> <span class='ocrx_word' id='word_1_189' title='bbox 448 2093 486 2142; x_wconf 90' lang='lat' dir='ltr'><strong>se,</strong></span> <span class='ocrx_word' id='word_1_190' title='bbox 502 2074 596 2148; x_wconf 87' lang='lat' dir='ltr'><strong>Aequi</strong></span> <span class='ocrx_word' id='word_1_191' title='bbox 609 2073 700 2148; x_wconf 86' lang='lat' dir='ltr'><strong>vagari</strong></span> <span class='ocrx_word' id='word_1_192' title='bbox 713 2071 938 2148; x_wconf 87' lang='lat' dir='ltr'><strong>populabundum</strong></span> <span class='ocrx_word' id='word_1_193' title='bbox 952 2070 1014 2127; x_wconf 89' lang='lat' dir='ltr'><strong>hoe-</strong></span> 
     </span>
    </p>
   </div>
   <div class='ocr_carea' id='block_1_4' title="bbox 80 2216 1022 3560">
    <p class='ocr_par' dir='ltr' id='par_1_5' title="bbox 81 2216 1021 3157">
     <span class='ocr_line' id='line_1_25' title="bbox 111 2216 1017 2279; baseline -0.001 -12"><span class='ocrx_word' id='word_1_194' title='bbox 111 2217 118 2246; x_wconf 94' lang='lat'>¹</span> <span class='ocrx_word' id='word_1_195' title='bbox 131 2222 212 2277; x_wconf 81' lang='lat' dir='ltr'><strong>Nora,</strong></span> <span class='ocrx_word' id='word_1_196' title='bbox 226 2217 362 2266; x_wconf 85' lang='lat' dir='ltr'><strong>sometimes</strong></span> <span class='ocrx_word' id='word_1_197' title='bbox 373 2235 387 2266; x_wconf 92' lang='lat' dir='ltr'><strong>a</strong></span> <span class='ocrx_word' id='word_1_198' title='bbox 398 2219 468 2277; x_wconf 85' lang='lat' dir='ltr'><strong>fault,</strong></span> <span class='ocrx_word' id='word_1_199' title='bbox 481 2219 623 2275; x_wconf 89' lang='lat' dir='ltr'><strong>sometimes,</strong></span> <span class='ocrx_word' id='word_1_200' title='bbox 636 2235 661 2265; x_wconf 85' lang='lat' dir='ltr'><strong>cs</strong></span> <span class='ocrx_word' id='word_1_201' title='bbox 672 2220 735 2273; x_wconf 88' lang='lat' dir='ltr'><strong>here,</strong></span> <span class='ocrx_word' id='word_1_202' title='bbox 753 2219 793 2266; x_wconf 90' lang='lat' dir='ltr'><strong>the</strong></span> <span class='ocrx_word' id='word_1_203' title='bbox 805 2217 959 2279; x_wconf 87' lang='lat' dir='ltr'><strong>punishment</strong></span> <span class='ocrx_word' id='word_1_204' title='bbox 969 2216 1017 2266; x_wconf 88' lang='lat' dir='ltr'><strong>due</strong></span> 
     </span>
     <span class='ocr_line' id='line_1_26' title="bbox 84 2285 1017 2348; baseline 0 -16"><span class='ocrx_word' id='word_1_205' title='bbox 84 2285 211 2333; x_wconf 82' lang='lat' dir='ltr'><strong>mafcult.</strong></span> <span class='ocrx_word' id='word_1_206' title='bbox 365 2287 375 2316; x_wconf 78' lang='lat'>²</span> <span class='ocrx_word' id='word_1_207' title='bbox 398 2291 449 2342; x_wconf 83' lang='lat' dir='ltr'><strong>Ubi,</strong></span> <span class='ocrx_word' id='word_1_208' title='bbox 460 2288 505 2334; x_wconf 77' lang='lat' dir='ltr'><strong>dcc.</strong></span> <span class='ocrx_word' id='word_1_209' title='bbox 543 2286 638 2348; x_wconf 84' lang='lat' dir='ltr'><strong>Asking</strong></span> <span class='ocrx_word' id='word_1_210' title='bbox 650 2289 706 2333; x_wconf 88' lang='lat' dir='ltr'><strong>each</strong></span> <span class='ocrx_word' id='word_1_211' title='bbox 721 2302 777 2333; x_wconf 90' lang='lat' dir='ltr'><strong>man</strong></span> <span class='ocrx_word' id='word_1_212' title='bbox 793 2285 959 2347; x_wconf 81' lang='lat' dir='ltr'><strong>individually,</strong></span> <span class='ocrx_word' id='word_1_213' title='bbox 977 2287 1017 2332; x_wconf 89' lang='lat' dir='ltr'><strong>the</strong></span> 
     </span>
     <span class='ocr_line' id='line_1_27' title="bbox 83 2352 1018 2411; baseline 0.001 -13"><span class='ocrx_word' id='word_1_214' title='bbox 83 2352 299 2401; x_wconf 86' lang='lat' dir='ltr'><strong>standard-hearers</strong></span> <span class='ocrx_word' id='word_1_215' title='bbox 315 2354 369 2400; x_wconf 82' lang='lat' dir='ltr'><strong>who</strong></span> <span class='ocrx_word' id='word_1_216' title='bbox 388 2353 436 2401; x_wconf 86' lang='lat' dir='ltr'><strong>hod</strong></span> <span class='ocrx_word' id='word_1_217' title='bbox 453 2355 499 2402; x_wconf 91' lang='lat' dir='ltr'><strong>lost</strong></span> <span class='ocrx_word' id='word_1_218' title='bbox 515 2355 576 2402; x_wconf 89' lang='lat' dir='ltr'><strong>their</strong></span> <span class='ocrx_word' id='word_1_219' title='bbox 591 2353 722 2411; x_wconf 78' lang='lat' dir='ltr'><strong>standands,</strong></span> <span class='ocrx_word' id='word_1_220' title='bbox 742 2355 820 2401; x_wconf 89' lang='lat' dir='ltr'><strong>where</strong></span> <span class='ocrx_word' id='word_1_221' title='bbox 837 2355 877 2400; x_wconf 88' lang='lat' dir='ltr'><strong>the</strong></span> <span class='ocrx_word' id='word_1_222' title='bbox 894 2353 1018 2400; x_wconf 77' lang='lat' dir='ltr'><strong>standands</strong></span> 
     </span>
     <span class='ocr_line' id='line_1_28' title="bbox 83 2420 1017 2476; baseline 0.001 -11"><span class='ocrx_word' id='word_1_223' title='bbox 83 2435 147 2476; x_wconf 81' lang='lat' dir='ltr'><strong>nere,</strong></span> <span class='ocrx_word' id='word_1_224' title='bbox 166 2423 209 2468; x_wconf 89' lang='lat' dir='ltr'><strong>the</strong></span> <span class='ocrx_word' id='word_1_225' title='bbox 227 2421 343 2467; x_wconf 79' lang='lat' dir='ltr'><strong>unarmed</strong></span> <span class='ocrx_word' id='word_1_226' title='bbox 361 2420 460 2468; x_wconf 86' lang='lat' dir='ltr'><strong>soldiers</strong></span> <span class='ocrx_word' id='word_1_227' title='bbox 471 2423 548 2468; x_wconf 85' lang='lat' dir='ltr'><strong>where</strong></span> <span class='ocrx_word' id='word_1_228' title='bbox 565 2421 625 2469; x_wconf 90' lang='lat' dir='ltr'><strong>their</strong></span> <span class='ocrx_word' id='word_1_229' title='bbox 643 2437 705 2468; x_wconf 82' lang='lat' dir='ltr'><strong>arms</strong></span> <span class='ocrx_word' id='word_1_230' title='bbox 717 2437 785 2470; x_wconf 83' lang='lat' dir='ltr'><strong>vvere.</strong></span> <span class='ocrx_word' id='word_1_231' title='bbox 824 2422 901 2469; x_wconf 85' lang='lat' dir='ltr'><strong>There</strong></span> <span class='ocrx_word' id='word_1_232' title='bbox 918 2435 957 2468; x_wconf 88' lang='lat' dir='ltr'><strong>are</strong></span> <span class='ocrx_word' id='word_1_233' title='bbox 969 2431 1017 2467; x_wconf 86' lang='lat' dir='ltr'><strong>two</strong></span> 
     </span>
     <span class='ocr_line' id='line_1_29' title="bbox 83 2487 1018 2553; baseline 0 -19"><span class='ocrx_word' id='word_1_234' title='bbox 83 2497 124 2536; x_wconf 82' lang='lat' dir='ltr'><strong>sets</strong></span> <span class='ocrx_word' id='word_1_235' title='bbox 134 2489 164 2548; x_wconf 68' lang='lat' dir='ltr'><strong>ni</strong></span> <span class='ocrx_word' id='word_1_236' title='bbox 171 2487 305 2551; x_wconf 83' lang='lat' dir='ltr'><strong>questions,</strong></span> <span class='ocrx_word' id='word_1_237' title='bbox 316 2489 357 2535; x_wconf 82' lang='lat' dir='ltr'><strong>&#39;the</strong></span> <span class='ocrx_word' id='word_1_238' title='bbox 368 2487 420 2535; x_wconf 85' lang='lat' dir='ltr'><strong>first</strong></span> <span class='ocrx_word' id='word_1_239' title='bbox 430 2490 564 2553; x_wconf 88' lang='lat' dir='ltr'><strong>respecting</strong></span> <span class='ocrx_word' id='word_1_240' title='bbox 574 2493 614 2536; x_wconf 88' lang='lat' dir='ltr'><strong>the</strong></span> <span class='ocrx_word' id='word_1_241' title='bbox 625 2489 756 2546; x_wconf 88' lang='lat' dir='ltr'><strong>standards,</strong></span> <span class='ocrx_word' id='word_1_242' title='bbox 769 2491 808 2536; x_wconf 89' lang='lat' dir='ltr'><strong>the</strong></span> <span class='ocrx_word' id='word_1_243' title='bbox 819 2487 907 2536; x_wconf 85' lang='lat' dir='ltr'><strong>second</strong></span> <span class='ocrx_word' id='word_1_244' title='bbox 915 2497 1018 2548; x_wconf 88' lang='lat' dir='ltr'><strong>respect-</strong></span> 
     </span>
     <span class='ocr_line' id='line_1_30' title="bbox 83 2555 1018 2618; baseline 0 -16"><span class='ocrx_word' id='word_1_245' title='bbox 83 2555 121 2617; x_wconf 86' lang='lat' dir='ltr'><strong>iug</strong></span> <span class='ocrx_word' id='word_1_246' title='bbox 130 2558 173 2616; x_wconf 82' lang='lat' dir='ltr'><strong>the</strong></span> <span class='ocrx_word' id='word_1_247' title='bbox 184 2571 258 2610; x_wconf 79' lang='lat' dir='ltr'><strong>etms,</strong></span> <span class='ocrx_word' id='word_1_248' title='bbox 272 2558 360 2618; x_wconf 80' lang='lat' dir='ltr'><strong>(signu,</strong></span> <span class='ocrx_word' id='word_1_249' title='bbox 370 2557 456 2615; x_wconf 79' lang='lat' dir='ltr'><strong>ormo).</strong></span> <span class='ocrx_word' id='word_1_250' title='bbox 491 2557 543 2604; x_wconf 89' lang='lat' dir='ltr'><strong>The</strong></span> <span class='ocrx_word' id='word_1_251' title='bbox 554 2567 602 2604; x_wconf 85' lang='lat' dir='ltr'><strong>two</strong></span> <span class='ocrx_word' id='word_1_252' title='bbox 613 2566 660 2604; x_wconf 85' lang='lat' dir='ltr'><strong>sets</strong></span> <span class='ocrx_word' id='word_1_253' title='bbox 671 2558 700 2604; x_wconf 82' lang='lat' dir='ltr'><strong>oi</strong></span> <span class='ocrx_word' id='word_1_254' title='bbox 709 2573 763 2604; x_wconf 87' lang='lat' dir='ltr'><strong>rnen</strong></span> <span class='ocrx_word' id='word_1_255' title='bbox 776 2557 830 2604; x_wconf 88' lang='lat' dir='ltr'><strong>who</strong></span> <span class='ocrx_word' id='word_1_256' title='bbox 841 2571 902 2602; x_wconf 86' lang='lat' dir='ltr'><strong>were</strong></span> <span class='ocrx_word' id='word_1_257' title='bbox 913 2557 969 2602; x_wconf 84' lang='lat' dir='ltr'><strong>thus</strong></span> <span class='ocrx_word' id='word_1_258' title='bbox 981 2555 1018 2602; x_wconf 88' lang='lat' dir='ltr'><strong>in-</strong></span> 
     </span>
     <span class='ocr_line' id='line_1_31' title="bbox 82 2623 1019 2686; baseline 0 -18"><span class='ocrx_word' id='word_1_259' title='bbox 82 2632 124 2668; x_wconf 89' lang='lat' dir='ltr'><strong>terr</strong></span> <span class='ocrx_word' id='word_1_260' title='bbox 138 2623 215 2686; x_wconf 84' lang='lat' dir='ltr'><strong>gated</strong></span> <span class='ocrx_word' id='word_1_261' title='bbox 224 2623 312 2669; x_wconf 86' lang='lat' dir='ltr'><strong>should</strong></span> <span class='ocrx_word' id='word_1_262' title='bbox 324 2624 441 2685; x_wconf 84' lang='lat' dir='ltr'><strong>naturally</strong></span> <span class='ocrx_word' id='word_1_263' title='bbox 452 2623 533 2670; x_wconf 85' lang='lat' dir='ltr'><strong>follow</strong></span> <span class='ocrx_word' id='word_1_264' title='bbox 545 2625 569 2670; x_wconf 93' lang='lat' dir='ltr'><strong>in</strong></span> <span class='ocrx_word' id='word_1_265' title='bbox 583 2626 622 2670; x_wconf 88' lang='lat' dir='ltr'><strong>the</strong></span> <span class='ocrx_word' id='word_1_266' title='bbox 633 2639 697 2670; x_wconf 86' lang='lat' dir='ltr'><strong>same</strong></span> <span class='ocrx_word' id='word_1_267' title='bbox 708 2624 793 2684; x_wconf 86' lang='lat' dir='ltr'><strong>order;</strong></span> <span class='ocrx_word' id='word_1_268' title='bbox 811 2626 855 2672; x_wconf 90' lang='lat' dir='ltr'><strong>but</strong></span> <span class='ocrx_word' id='word_1_269' title='bbox 870 2623 894 2668; x_wconf 93' lang='lat' dir='ltr'><strong>in</strong></span> <span class='ocrx_word' id='word_1_270' title='bbox 907 2623 954 2670; x_wconf 90' lang='lat' dir='ltr'><strong>this</strong></span> <span class='ocrx_word' id='word_1_271' title='bbox 965 2637 1019 2683; x_wconf 80' lang='lat' dir='ltr'><strong>pas·</strong></span> 
     </span>
     <span class='ocr_line' id='line_1_32' title="bbox 82 2637 1018 2754; baseline 0 -18"><span class='ocrx_word' id='word_1_272' title='bbox 82 2637 139 2751; x_wconf 58' lang='lat' dir='ltr'><strong>sagi</strong></span> <span class='ocrx_word' id='word_1_273' title='bbox 148 2691 210 2752; x_wconf 82' lang='lat' dir='ltr'><strong>Livy</strong></span> <span class='ocrx_word' id='word_1_274' title='bbox 223 2705 327 2736; x_wconf 85' lang='lat' dir='ltr'><strong>rererses</strong></span> <span class='ocrx_word' id='word_1_275' title='bbox 338 2691 410 2750; x_wconf 87' lang='lat' dir='ltr'><strong>thern,</strong></span> <span class='ocrx_word' id='word_1_276' title='bbox 429 2690 526 2754; x_wconf 86' lang='lat' dir='ltr'><strong>putting</strong></span> <span class='ocrx_word' id='word_1_277' title='bbox 542 2693 581 2738; x_wconf 90' lang='lat' dir='ltr'><strong>the</strong></span> <span class='ocrx_word' id='word_1_278' title='bbox 599 2691 698 2738; x_wconf 89' lang='lat' dir='ltr'><strong>soldiers</strong></span> <span class='ocrx_word' id='word_1_279' title='bbox 709 2691 766 2748; x_wconf 89' lang='lat' dir='ltr'><strong>first,</strong></span> <span class='ocrx_word' id='word_1_280' title='bbox 785 2691 832 2738; x_wconf 88' lang='lat' dir='ltr'><strong>and</strong></span> <span class='ocrx_word' id='word_1_281' title='bbox 845 2691 883 2737; x_wconf 88' lang='lat' dir='ltr'><strong>the</strong></span> <span class='ocrx_word' id='word_1_282' title='bbox 894 2689 1018 2737; x_wconf 78' lang='lat' dir='ltr'><strong>standard-</strong></span> 
     </span>
     <span class='ocr_line' id='line_1_33' title="bbox 83 2753 1019 2822; baseline 0.001 -19"><span class='ocrx_word' id='word_1_283' title='bbox 83 2753 170 2822; x_wconf 70' lang='lat' dir='ltr'><strong>beaterq&#39;</strong></span> <span class='ocrx_word' id='word_1_284' title='bbox 182 2757 282 2804; x_wconf 84' lang='lat' dir='ltr'><strong>second.</strong></span> <span class='ocrx_word' id='word_1_285' title='bbox 313 2757 371 2806; x_wconf 83' lang='lat' dir='ltr'><strong>This</strong></span> <span class='ocrx_word' id='word_1_286' title='bbox 382 2758 402 2804; x_wconf 90' lang='lat' dir='ltr'><strong>is</strong></span> <span class='ocrx_word' id='word_1_287' title='bbox 413 2760 445 2819; x_wconf 96' lang='lat' dir='ltr'><strong>by</strong></span> <span class='ocrx_word' id='word_1_288' title='bbox 456 2773 488 2804; x_wconf 92' lang='lat' dir='ltr'><strong>no</strong></span> <span class='ocrx_word' id='word_1_289' title='bbox 499 2775 581 2806; x_wconf 89' lang='lat' dir='ltr'><strong>means</strong></span> <span class='ocrx_word' id='word_1_290' title='bbox 592 2775 650 2816; x_wconf 85' lang='lat' dir='ltr'><strong>rure,</strong></span> <span class='ocrx_word' id='word_1_291' title='bbox 663 2761 719 2805; x_wconf 90' lang='lat' dir='ltr'><strong>both</strong></span> <span class='ocrx_word' id='word_1_292' title='bbox 731 2758 755 2804; x_wconf 94' lang='lat' dir='ltr'><strong>in</strong></span> <span class='ocrx_word' id='word_1_293' title='bbox 772 2761 865 2807; x_wconf 84' lang='lat' dir='ltr'><strong>Roman</strong></span> <span class='ocrx_word' id='word_1_294' title='bbox 877 2757 924 2804; x_wconf 83' lang='lat' dir='ltr'><strong>end</strong></span> <span class='ocrx_word' id='word_1_295' title='bbox 938 2757 1019 2805; x_wconf 84' lang='lat' dir='ltr'><strong>Greek</strong></span> 
     </span>
     <span class='ocr_line' id='line_1_34' title="bbox 83 2823 1018 2894; baseline 0.003 -27"><span class='ocrx_word' id='word_1_296' title='bbox 83 2823 176 2894; x_wconf 56' lang='lat' dir='ltr'><strong>oritoni</strong></span> <span class='ocrx_word' id='word_1_297' title='bbox 213 2826 282 2873; x_wconf 85' lang='lat' dir='ltr'><strong>&#39;l&#39;hns</strong></span> <span class='ocrx_word' id='word_1_298' title='bbox 293 2825 364 2886; x_wconf 84' lang='lat' dir='ltr'><strong>Livy,</strong></span> <span class='ocrx_word' id='word_1_299' title='bbox 376 2824 393 2872; x_wconf 90' lang='lat' dir='ltr'><strong>i.</strong></span> <span class='ocrx_word' id='word_1_300' title='bbox 408 2825 448 2882; x_wconf 84' lang='lat'><strong>35,</strong></span> <span class='ocrx_word' id='word_1_301' title='bbox 463 2825 582 2888; x_wconf 82' lang='lat' dir='ltr'><strong>Regnavit</strong></span> <span class='ocrx_word' id='word_1_302' title='bbox 597 2829 680 2873; x_wconf 87' lang='lat' dir='ltr'><strong>Ancus</strong></span> <span class='ocrx_word' id='word_1_303' title='bbox 690 2841 765 2872; x_wconf 86' lang='lat' dir='ltr'><strong>annos</strong></span> <span class='ocrx_word' id='word_1_304' title='bbox 776 2836 879 2888; x_wconf 91' lang='lat' dir='ltr'><strong>quatuor</strong></span> <span class='ocrx_word' id='word_1_305' title='bbox 890 2834 913 2872; x_wconf 89' lang='lat' dir='ltr'><strong>et</strong></span> <span class='ocrx_word' id='word_1_306' title='bbox 924 2825 1018 2887; x_wconf 87' lang='lat' dir='ltr'><strong>viginti,</strong></span> 
     </span>
     <span class='ocr_line' id='line_1_35' title="bbox 82 2891 1020 2957; baseline 0.005 -22"><span class='ocrx_word' id='word_1_307' title='bbox 82 2891 177 2940; x_wconf 83' lang='lat' dir='ltr'><strong>cuilibet</strong></span> <span class='ocrx_word' id='word_1_308' title='bbox 188 2892 341 2954; x_wconf 85' lang='lat' dir='ltr'><strong>superiorum</strong></span> <span class='ocrx_word' id='word_1_309' title='bbox 353 2907 439 2954; x_wconf 83' lang='lat' dir='ltr'><strong>regum</strong></span> <span class='ocrx_word' id='word_1_310' title='bbox 450 2896 501 2941; x_wconf 81' lang='lat' dir='ltr'><strong>belli</strong></span> <span class='ocrx_word' id='word_1_311' title='bbox 511 2897 622 2957; x_wconf 75' lang='lat' dir='ltr'><strong>precisque</strong></span> <span class='ocrx_word' id='word_1_312' title='bbox 632 2904 653 2942; x_wconf 85' lang='lat' dir='ltr'><strong>et</strong></span> <span class='ocrx_word' id='word_1_313' title='bbox 665 2897 754 2943; x_wconf 68' lang='lat' dir='ltr'><strong>arubae</strong></span> <span class='ocrx_word' id='word_1_314' title='bbox 765 2907 785 2942; x_wconf 84' lang='lat' dir='ltr'><strong>et</strong></span> <span class='ocrx_word' id='word_1_315' title='bbox 795 2892 870 2956; x_wconf 78' lang='lat' dir='ltr'><strong>glorici</strong></span> <span class='ocrx_word' id='word_1_316' title='bbox 880 2910 943 2955; x_wconf 66' lang='lat' dir='ltr'><strong>por,</strong></span> <span class='ocrx_word' id='word_1_317' title='bbox 961 2899 1020 2940; x_wconf 81' lang='lat' dir='ltr'><strong>orti-</strong></span> 
     </span>
     <span class='ocr_line' id='line_1_36' title="bbox 81 2959 1020 3023; baseline -0.001 -17"><span class='ocrx_word' id='word_1_318' title='bbox 81 2961 120 3006; x_wconf 82' lang='lat' dir='ltr'><strong>bus</strong></span> <span class='ocrx_word' id='word_1_319' title='bbox 135 2959 256 3022; x_wconf 85' lang='lat' dir='ltr'><strong>referring</strong></span> <span class='ocrx_word' id='word_1_320' title='bbox 268 2970 292 3006; x_wconf 89' lang='grc' dir='ltr'><strong>ιο</strong></span> <span class='ocrx_word' id='word_1_321' title='bbox 307 2963 381 3022; x_wconf 72' lang='lat' dir='ltr'><strong>procia,</strong></span> <span class='ocrx_word' id='word_1_322' title='bbox 399 2959 447 3006; x_wconf 92' lang='lat' dir='ltr'><strong>and</strong></span> <span class='ocrx_word' id='word_1_323' title='bbox 462 2961 536 3023; x_wconf 62' lang='lat' dir='ltr'><strong>glori&amp;</strong></span> <span class='ocrx_word' id='word_1_324' title='bbox 554 2971 579 3008; x_wconf 91' lang='grc' dir='ltr'><strong>ιο</strong></span> <span class='ocrx_word' id='word_1_325' title='bbox 595 2965 653 3010; x_wconf 81' lang='lat' dir='ltr'><strong>belli.</strong></span> <span class='ocrx_word' id='word_1_326' title='bbox 695 2962 726 3008; x_wconf 89' lang='lat' dir='ltr'><strong>So</strong></span> <span class='ocrx_word' id='word_1_327' title='bbox 739 2963 842 3017; x_wconf 88' lang='lat' dir='ltr'><strong>Homer,</strong></span> <span class='ocrx_word' id='word_1_328' title='bbox 860 2962 884 3006; x_wconf 95' lang='lat' dir='ltr'><strong>in</strong></span> <span class='ocrx_word' id='word_1_329' title='bbox 896 2977 911 3006; x_wconf 86' lang='lat' dir='ltr'><strong>u</strong></span> <span class='ocrx_word' id='word_1_330' title='bbox 922 2975 1020 3022; x_wconf 84' lang='lat' dir='ltr'><strong>passage</strong></span> 
     </span>
     <span class='ocr_line' id='line_1_37' title="bbox 81 3026 1021 3090; baseline 0.004 -18"><span class='ocrx_word' id='word_1_331' title='bbox 81 3026 166 3086; x_wconf 87' lang='lat' dir='ltr'><strong>quoted</strong></span> <span class='ocrx_word' id='word_1_332' title='bbox 179 3031 211 3090; x_wconf 91' lang='lat' dir='ltr'><strong>by</strong></span> <span class='ocrx_word' id='word_1_333' title='bbox 227 3028 265 3074; x_wconf 93' lang='lat' dir='ltr'><strong>Dr</strong></span> <span class='ocrx_word' id='word_1_334' title='bbox 278 3027 385 3082; x_wconf 88' lang='lat' dir='ltr'><strong>Hunter,</strong></span> <span class='ocrx_word' id='word_1_335' title='bbox 403 3027 460 3074; x_wconf 87' lang='lat' dir='ltr'><strong>with</strong></span> <span class='ocrx_word' id='word_1_336' title='bbox 472 3043 486 3074; x_wconf 85' lang='lat' dir='ltr'><strong>a</strong></span> <span class='ocrx_word' id='word_1_337' title='bbox 496 3031 625 3076; x_wconf 87' lang='lat' dir='ltr'><strong>somewhat</strong></span> <span class='ocrx_word' id='word_1_338' title='bbox 635 3028 746 3076; x_wconf 86' lang='lat' dir='ltr'><strong>different</strong></span> <span class='ocrx_word' id='word_1_339' title='bbox 756 3030 824 3087; x_wconf 87' lang='lat' dir='ltr'><strong>view,</strong></span> <span class='ocrx_word' id='word_1_340' title='bbox 842 3029 866 3074; x_wconf 92' lang='lat' dir='ltr'><strong>in</strong></span> <span class='ocrx_word' id='word_1_341' title='bbox 879 3028 915 3074; x_wconf 85' lang='lat' dir='ltr'><strong>his</strong></span> <span class='ocrx_word' id='word_1_342' title='bbox 927 3028 1021 3087; x_wconf 74' lang='lat' dir='ltr'><strong>protare</strong></span> 
     </span>
     <span class='ocr_line' id='line_1_38' title="bbox 82 3093 213 3157; baseline 0.023 -18"><span class='ocrx_word' id='word_1_343' title='bbox 82 3103 105 3139; x_wconf 89' lang='lat' dir='ltr'><strong>to</strong></span> <span class='ocrx_word' id='word_1_344' title='bbox 117 3093 213 3157; x_wconf 77' lang='lat' dir='ltr'><strong>Virgilt</strong></span> 
     </span>
    </p>

    <p class='ocr_par' dir='ltr' id='par_1_6' title="bbox 251 3159 828 3291">
     <span class='ocr_line' id='line_1_39' title="bbox 251 3159 828 3229; baseline 0.005 -20"><span class='ocrx_word' id='word_1_345' title='bbox 251 3159 322 3209; x_wconf 61' lang='grc' dir='ltr'><strong>ΕΜ</strong></span> <span class='ocrx_word' id='word_1_346' title='bbox 334 3163 372 3223; x_wconf 73' lang='grc' dir='ltr'><strong>ἅμ’</strong></span> <span class='ocrx_word' id='word_1_347' title='bbox 385 3170 475 3224; x_wconf 78' lang='grc' dir='ltr'>Οιμωγι</span> <span class='ocrx_word' id='word_1_348' title='bbox 487 3182 511 3210; x_wconf 69' lang='grc' dir='ltr'><strong>τι</strong></span> <span class='ocrx_word' id='word_1_349' title='bbox 522 3185 558 3212; x_wconf 77' lang='grc' dir='ltr'>και</span> <span class='ocrx_word' id='word_1_350' title='bbox 570 3173 668 3226; x_wconf 78' lang='grc' dir='ltr'>Εοχολιι</span> <span class='ocrx_word' id='word_1_351' title='bbox 679 3175 743 3212; x_wconf 67' lang='grc' dir='ltr'><strong>πελεν</strong></span> <span class='ocrx_word' id='word_1_352' title='bbox 754 3161 828 3229; x_wconf 69' lang='lat' dir='ltr'><strong>dulgere</strong></span> 
     </span>
     <span class='ocr_line' id='line_1_40' title="bbox 251 3229 785 3291; baseline 0.004 -17"><span class='ocrx_word' id='word_1_353' title='bbox 251 3237 368 3276; x_wconf 70' lang='grc' dir='ltr'>Ολλννιωι</span> <span class='ocrx_word' id='word_1_354' title='bbox 379 3248 403 3276; x_wconf 69' lang='grc' dir='ltr'><strong>τι</strong></span> <span class='ocrx_word' id='word_1_355' title='bbox 414 3251 451 3276; x_wconf 75' lang='lat' dir='ltr'><strong>m</strong></span> <span class='ocrx_word' id='word_1_356' title='bbox 464 3237 598 3291; x_wconf 61' lang='lat' dir='ltr'><strong>ortopolis.</strong></span> <span class='ocrx_word' id='word_1_357' title='bbox 636 3231 673 3276; x_wconf 82' lang='lat' dir='ltr'><strong>lt.</strong></span> <span class='ocrx_word' id='word_1_358' title='bbox 688 3241 714 3277; x_wconf 81' lang='grc' dir='ltr'><strong>Δ.</strong></span> <span class='ocrx_word' id='word_1_359' title='bbox 726 3229 785 3277; x_wconf 77' lang='lat'><strong>450.</strong></span> 
     </span>
    </p>

    <p class='ocr_par' dir='ltr' id='par_1_7' title="bbox 80 3293 1022 3560">
     <span class='ocr_line' id='line_1_41' title="bbox 83 3293 1021 3358; baseline -0.001 -18"><span class='ocrx_word' id='word_1_360' title='bbox 83 3293 147 3342; x_wconf 80' lang='lat' dir='ltr'><strong>Here</strong></span> <span class='ocrx_word' id='word_1_361' title='bbox 159 3299 252 3358; x_wconf 77' lang='grc' dir='ltr'><em>ἰυχωλη</em></span> <span class='ocrx_word' id='word_1_362' title='bbox 264 3296 378 3350; x_wconf 67' lang='lat' dir='ltr'><strong>laturum,</strong></span> <span class='ocrx_word' id='word_1_363' title='bbox 390 3297 471 3357; x_wconf 63' lang='grc' dir='ltr'>οἰμωγῇ</span> <span class='ocrx_word' id='word_1_364' title='bbox 483 3296 607 3357; x_wconf 59' lang='lat' dir='ltr'><strong>intuertur.</strong></span> <span class='ocrx_word' id='word_1_365' title='bbox 615 3337 623 3352; x_wconf 64' lang='lat'><em>„</em></span> <span class='ocrx_word' id='word_1_366' title='bbox 727 3297 736 3324; x_wconf 83' lang='lat'><strong>¹</strong></span> <span class='ocrx_word' id='word_1_367' title='bbox 754 3295 830 3344; x_wconf 78' lang='lat' dir='ltr'><strong>Varro</strong></span> <span class='ocrx_word' id='word_1_368' title='bbox 841 3296 931 3342; x_wconf 79' lang='lat' dir='ltr'><strong>defines</strong></span> <span class='ocrx_word' id='word_1_369' title='bbox 942 3297 1021 3354; x_wconf 74' lang='lat' dir='ltr'><strong>dupli-</strong></span> 
     </span>
     <span class='ocr_line' id='line_1_42' title="bbox 80 3360 1018 3425; baseline -0.004 -17"><span class='ocrx_word' id='word_1_370' title='bbox 80 3365 153 3411; x_wconf 81' lang='lat' dir='ltr'><strong>carios</strong></span> <span class='ocrx_word' id='word_1_371' title='bbox 170 3372 196 3408; x_wconf 90' lang='grc' dir='ltr'><strong>ιο</strong></span> <span class='ocrx_word' id='word_1_372' title='bbox 212 3375 283 3408; x_wconf 86' lang='lat' dir='ltr'><strong>mean</strong></span> <span class='ocrx_word' id='word_1_373' title='bbox 301 3361 375 3416; x_wconf 85' lang='lat' dir='ltr'><strong>those,</strong></span> <span class='ocrx_word' id='word_1_374' title='bbox 393 3361 481 3424; x_wconf 89' lang='lat' dir='ltr'><strong>quibus</strong></span> <span class='ocrx_word' id='word_1_375' title='bbox 497 3363 528 3406; x_wconf 93' lang='lat' dir='ltr'><strong>ob</strong></span> <span class='ocrx_word' id='word_1_376' title='bbox 544 3360 656 3408; x_wconf 86' lang='lat' dir='ltr'><strong>virtutem</strong></span> <span class='ocrx_word' id='word_1_377' title='bbox 673 3366 776 3425; x_wconf 80' lang='lat' dir='ltr'><strong>duplicia</strong></span> <span class='ocrx_word' id='word_1_378' title='bbox 794 3365 912 3408; x_wconf 83' lang='lat' dir='ltr'><strong>dabantur</strong></span> <span class='ocrx_word' id='word_1_379' title='bbox 923 3364 1018 3406; x_wconf 79' lang='lat' dir='ltr'><strong>cibario.</strong></span> 
     </span>
     <span class='ocr_line' id='line_1_43' title="bbox 83 3426 1022 3490; baseline -0.001 -15"><span class='ocrx_word' id='word_1_380' title='bbox 83 3430 147 3490; x_wconf 83' lang='lat' dir='ltr'><strong>Tbey</strong></span> <span class='ocrx_word' id='word_1_381' title='bbox 162 3443 235 3486; x_wconf 86' lang='lat' dir='ltr'><strong>were,</strong></span> <span class='ocrx_word' id='word_1_382' title='bbox 248 3428 273 3474; x_wconf 90' lang='lat' dir='ltr'><strong>in</strong></span> <span class='ocrx_word' id='word_1_383' title='bbox 286 3426 332 3472; x_wconf 90' lang='lat' dir='ltr'><strong>this</strong></span> <span class='ocrx_word' id='word_1_384' title='bbox 343 3437 442 3488; x_wconf 87' lang='lat' dir='ltr'><strong>respect,</strong></span> <span class='ocrx_word' id='word_1_385' title='bbox 455 3442 487 3473; x_wconf 94' lang='lat' dir='ltr'><strong>on</strong></span> <span class='ocrx_word' id='word_1_386' title='bbox 499 3443 513 3472; x_wconf 90' lang='lat' dir='ltr'><strong>a</strong></span> <span class='ocrx_word' id='word_1_387' title='bbox 523 3427 582 3474; x_wconf 92' lang='lat' dir='ltr'><strong>level</strong></span> <span class='ocrx_word' id='word_1_388' title='bbox 594 3428 650 3474; x_wconf 85' lang='lat' dir='ltr'><strong>with</strong></span> <span class='ocrx_word' id='word_1_389' title='bbox 662 3429 702 3474; x_wconf 88' lang='lat' dir='ltr'><strong>the</strong></span> <span class='ocrx_word' id='word_1_390' title='bbox 714 3429 857 3476; x_wconf 77' lang='lat' dir='ltr'><strong>centurione.</strong></span> <span class='ocrx_word' id='word_1_391' title='bbox 936 3426 944 3454; x_wconf 77' lang='lat'><strong>⁴</strong></span> <span class='ocrx_word' id='word_1_392' title='bbox 964 3427 985 3474; x_wconf 83' lang='lat' dir='ltr'><strong>T</strong></span> <span class='ocrx_word' id='word_1_393' title='bbox 986 3427 1022 3474; x_wconf 79' lang='lat' dir='ltr'><strong>nis</strong></span> 
     </span>
     <span class='ocr_line' id='line_1_44' title="bbox 83 3493 743 3560; baseline 0.003 -18"><span class='ocrx_word' id='word_1_394' title='bbox 83 3496 153 3544; x_wconf 87' lang='lat' dir='ltr'><strong>mode</strong></span> <span class='ocrx_word' id='word_1_395' title='bbox 168 3495 198 3543; x_wconf 82' lang='lat' dir='ltr'><strong>of</strong></span> <span class='ocrx_word' id='word_1_396' title='bbox 207 3494 339 3556; x_wconf 87' lang='lat' dir='ltr'><strong>punishing</strong></span> <span class='ocrx_word' id='word_1_397' title='bbox 350 3509 379 3541; x_wconf 89' lang='lat' dir='ltr'><strong>an</strong></span> <span class='ocrx_word' id='word_1_398' title='bbox 392 3510 458 3560; x_wconf 88' lang='lat' dir='ltr'><strong>army</strong></span> <span class='ocrx_word' id='word_1_399' title='bbox 471 3509 518 3541; x_wconf 87' lang='lat' dir='ltr'><strong>was</strong></span> <span class='ocrx_word' id='word_1_400' title='bbox 529 3493 604 3542; x_wconf 86' lang='lat' dir='ltr'><strong>called</strong></span> <span class='ocrx_word' id='word_1_401' title='bbox 615 3499 743 3544; x_wconf 79' lang='lat' dir='ltr'><strong>decimatio.</strong></span> 
     </span>
    </p>
   </div>
   <div class='ocr_carea' id='block_1_5' title="bbox 0 0 1122 3846">
    <p class='ocr_par' dir='ltr' id='par_1_8' title="bbox 0 0 1122 3846">
     <span class='ocr_line' id='line_1_45' title="bbox 0 0 1122 3846; baseline 0 0"><span class='ocrx_word' id='word_1_402' title='bbox 0 0 1122 3846; x_wconf 95' lang='lat' dir='ltr'><strong> </strong></span> 
     </span>
    </p>
   </div>
  </div>
 </body>
</html>
