2224 3862
111 208 170 266 aet
490 210 525 269 Τ.
544 208 645 269 L1v11

113 378 214 434 raotor,
227 366 411 425 adversarium
426 366 500 426 haud
513 369 645 446 imparem
658 367 730 425 nacti
743 378 809 424 sunt
823 367 882 443 Ap.
891 366 1053 436 Claudium,
1068 391 1071 398 ¹

116 447 240 504 relictum
255 467 273 504 a
286 447 398 522 collegis
417 449 453 504 ad
472 449 630 506 tribunicias
650 446 1059 522 seditionescomprimeudusr
1106 479 1107 484 ι

116 527 203 582 virum
215 527 352 583 imbutum
361 528 418 602 jum
430 529 464 584 ab
473 527 590 602 juventi
601 528 795 584 certaminibus
803 527 936 601 plebeiis:
951 535 959 558 ‘
973 545 1056 600 quem

117 613 278 664 ‘auctorem
298 606 403 681 aliquot
423 609 500 663 anuis
520 609 584 664 autb
599 606 691 664 fuissa’
711 619 893 664 memoratum
914 618 966 669 est,
987 615 1058 681 ‘per

117 763 259 822 ‘doeh'

154 843 209 900 ΙΙΙ.
230 843 333 904 latum
348 843 416 919 jam,
437 863 493 900 nou
511 856 654 936 promptus
666 843 785 919 iugenio
804 843 920 908 tuntitm,
937 843 989 900 sed
1003 863 1057 900 usu

116 923 199 980 etium
213 918 386 990 exercitatus,
401 923 484 980 talem
498 925 650 980 orationem
663 922 778 980 bubuit:
800 931 807 958 ⁸
823 923 852 980 Si
866 942 990 996 unquam
1005 925 1057 980 du·

117 1010 124 1036 ‘
140 1004 255 1069 bitatu'm
270 1016 321 1068 est,
342 1002 473 1069 Quirites,
497 996 588 1060 utrium
603 1002 705 1060 tribuni
719 1002 807 1078 plebis
820 1003 921 1068 vestra,
942 1021 979 1058 an
997 1003 1056 1068 sub,

118 1087 126 1114 ‘
139 1101 223 1139 causo
208 1083 399 1149 seditionem
412 1101 522 1158 semper
535 1096 660 1140 auctores
678 1083 787 1147 luerint,
808 1081 837 1138 id
849 1101 902 1156 ego
916 1080 972 1138 hoc
986 1101 1058 1140 auno

118 1162 243 1218 ‘desisse
263 1157 382 1219 dubitari
402 1176 508 1218 certum
530 1161 625 1218 babeo.
667 1162 705 1218 Et
724 1180 815 1236 quum
826 1161 922 1226 laetor,
943 1162 1056 1218 taudem

116 686 303 758 ‘collegarum
321 687 552 752 intercessionem,
571 687 732 742 tribuniciae
744 684 891 762 potestatis
904 685 1058 742 dissolveu-
1106 759 1107 766 ι

118 1241 215 1315 ‘longi
233 1242 331 1298 erroris
344 1242 422 1298 vobis
441 1241 523 1298 finem
543 1242 646 1298 factum
664 1261 733 1307 ιιιι,
754 1253 823 1307 tum,
838 1240 914 1314 qubd
927 1242 1057 1298 secundis
1106 1313 1107 1320 ι

118 1321 312 1395 ‘potissimbm
325 1322 422 1378 vestris
434 1323 516 1378 rebus
530 1319 574 1378 bic
588 1339 663 1377 error
676 1333 718 1377 est
730 1320 861 1384 sublatus,
877 1330 906 1376 et
920 1319 1008 1388 robis,
1028 1334 1057 1376 et

118 1407 252 1474 ‘propter
273 1419 321 1456 vos
340 1400 506 1476 reipublicae
526 1401 655 1474 gratulor.
696 1401 743 1456 An
763 1411 808 1455 est
830 1397 987 1472 quisquam,
1009 1399 1056 1473 qui
1106 1467 1107 1474 ι

117 1477 256 1544 ‘dubitet
277 1480 357 1536 nullis
376 1480 482 1556 injuriis
496 1480 600 1544 vestris,
621 1480 645 1534 si
665 1498 734 1552 quas
747 1479 818 1534 fonte
835 1477 985 1552 aliquando
998 1479 1055 1534 fue·
1106 1477 1107 1518 ἶ

117 1563 125 1590 ⁸
138 1569 216 1624 runt,
226 1577 347 1632 unquam
357 1562 452 1633 aeque,
464 1557 545 1649 qubm
557 1578 670 1614 munere
681 1558 810 1614 Patrum'
804 1577 831 1614 ru
841 1557 960 1632 plebem,
971 1577 1054 1632 quum
1106 1595 1107 1660 ι

117 1642 125 1668 ‘
139 1653 202 1692 aera
216 1637 394 1694 militantibus
408 1639 557 1694 constituta
570 1651 642 1704 sont,
657 1639 780 1693 tribunos
793 1636 880 1727 plebis
893 1635 1016 1694 offensos
1025 1656 1056 1692 uc

117 1715 290 1772 ‘concitatos
309 1716 392 1772 esse?
413 1716 480 1790 quid
496 1717 557 1772 illos
571 1717 645 1772 aliud
659 1730 706 1772 aut
720 1729 778 1772 tum
794 1715 919 1772 timuisse
933 1707 1107 1782 creditis,

116 1799 124 1826 ‘
138 1806 187 1850 aut
199 1793 282 1852 bodie
295 1797 405 1851 turbare
416 1796 494 1861 velle,
509 1796 561 1850 ιιίιι
554 1796 748 1852 concordiam
759 1795 895 1860 ordinum,
907 1814 992 1869 quatu
1002 1796 1054 1852 dir

117 1873 287 1932 ‘solvendae
307 1876 425 1931 maxime
446 1874 609 1931 tribuniciae
626 1875 769 1949 potestatis
783 1887 879 1930 rentur
892 1875 977 1932 esse?
1001 1875 1053 1938 Sic,

115 1949 257 2020 ‘herculm
263 1965 400 2046 tunquam
415 1955 532 2010 artificas
546 1955 671 2030 improbi,
686 1973 755 2029 opus
769 1949 922 2027 quaerum
943 1973 993 2029 qur
984 1953 1107 2060 et²p

116 2040 124 2066 ‘
138 2049 247 2108 semper
260 2053 332 2109 aegri
326 2034 450 2110 aliquid
464 2053 524 2090 esse
537 2033 564 2088 iu
578 2033 717 2108 republica
732 2033 834 2097 volum,
849 2044 881 2088 ut
894 2033 940 2095 sit,
949 2033 996 2088 ad
1009 2053 1054 2090 cu

116 2110 181 2188 ‘jus
194 2113 363 2170 curationem
377 2131 394 2170 a
406 2114 483 2170 vobis
500 2112 688 2169 adhibeantur.
731 2109 852 2170 υιιΐιιιι3
873 2111 952 2168 ιιιὶιιι
964 2113 1054 2168 delen-

116 2198 124 2223 ‘
138 2192 212 2259 ditis,
226 2213 260 2248 an
274 2193 440 2269 impugnatis
453 2192 585 2267 plebem?
607 2192 700 2248 utrium
714 2191 890 2248 militantium
907 2191 1053 2248 adversarii

116 2271 213 2338 ‘estis,
233 2291 267 2326 au
288 2291 398 2328 causam
419 2271 522 2346 agitis?
546 2271 607 2327 Nisi
626 2269 874 2334 fortbhoudicitis,
891 2261 1107 2344 ‘Quicquid

117 2354 135 2382 “
150 2349 246 2405 Patres
265 2350 387 2426 faciunt,
398 2351 542 2426 displicet;
564 2351 621 2406 sive
640 2350 708 2406 illud
722 2369 771 2425 pro
784 2349 872 2424 plebe,
887 2349 947 2422 sive
962 2363 1052 2406 contra
1106 2371 1107 2384 ¹

116 2434 134 2462 “
148 2427 329 2501 plebem·est.'
371 2427 416 2493 Et,
431 2429 662 2502 quemadmodum
675 2430 760 2485 serris
773 2429 830 2484 suis
841 2441 937 2485 vetant
951 2429 1051 2486 domiui
1106 2463 1107 2496 ι

116 2507 283 2581 ‘quiequam
305 2508 344 2564 rei
364 2525 428 2564 curu
448 2508 543 2564 alienis
558 2507 712 2564 bominibus
726 2527 795 2575 esse,
809 2507 968 2582 pariterque
983 2508 1051 2564 iniis
1106 2519 1107 2544 ³

118 2587 272 2643 ‘beneficio
291 2607 323 2644 ao
344 2586 477 2643 maleficio
498 2586 627 2643 abstineri
648 2607 765 2661 aequum
786 2600 919 2643 censent:
944 2589 985 2644 siu
1007 2607 1050 2642 vos

139 2665 301 2724 interdicitis
317 2666 444 2723 Patribus
464 2667 629 2722 commercio
642 2667 745 2741 plebis·
765 2685 800 2722 ue
814 2685 864 2722 nos
878 2667 1011 2724 comitata
1022 2685 1051 2722 ac

117 2751 124 2777 ‘
139 2744 613 2820 munificentiouostrbprovocemus
623 2747 739 2819 plebem,
754 2765 806 2802 uec
816 2743 894 2819 plebs
904 2747 986 2802 uobis
999 2746 1050 2802 dic·

117 2831 124 2856 ‘
139 2835 168 2880 to
177 2825 291 2881 audieus
301 2838 406 2902 atque
394 2825 555 2882 obediens'
534 2838 578 2880 ιιι.
619 2825 731 2887 Quanto
739 2823 897 2889 tondemur
906 2825 1049 2899 quiequam

116 2909 123 2936 ‘
138 2902 165 2958 in
181 2903 268 2970 uobis,
281 2923 336 2960 uon
351 2904 522 2970 dicocivilis,
543 2905 591 2960 sed
605 2902 813 2968 humaniorem,
827 2904 919 2960 favere
934 2923 985 2964 vos
998 2921 1049 2958 ma·

116 2983 188 3055 ‘gin
208 2995 246 3050 et,
266 2983 441 3058 quantumin
456 2984 532 3038 robis
552 2995 634 3047 esset,
656 2983 798 3092 indulgpre
818 2981 910 3056 potibs
931 2979 1049 3040 comitati

117 3071 124 3096 ‘
140 3062 252 3118 Petrum
268 3077 351 3138 atque
365 3062 496 3136 obsequio
509 3063 596 3138 plebis
610 3063 731 3138 oportuit
739 3060 777 3118 ⁴?
798 3061 905 3135 quaesi
920 3075 1050 3140 perpetua

116 3143 283 3198 ‘concordia
296 3144 339 3205 sit,
355 3143 482 3215 quianon
498 3141 725 3216 spondereausit‚
741 3143 891 3198 maximum
906 3141 1049 3218 bocimpa·

116 3226 123 3253 ‘
138 3220 208 3276 rium
222 3223 294 3278 inter
306 3221 437 3275 finitimos
451 3221 525 3276 brevi
538 3223 661 3277 furorum
675 3221 758 3277 esse?

155 3299 235 3355 lV.‘
255 3301 403 3374 Atque
371 3318 431 3365 ero,
453 3296 535 3372 qudm
556 3297 609 3356 hoc
630 3299 772 3356 consilium
794 3297 960 3374 collegarum
980 3317 1048 3356 meo·

151 3448 216 3496 'See
230 3447 276 3495 1v.
291 3444 332 3493 48
400 3437 534 3510 ’Artifices
543 3449 645 3508 improbi
655 3441 741 3506 supply
751 3443 844 3492 medior
881 3447 924 3501 El,
935 3444 1049 3502 imitatiug

115 3517 154 3562 tbe
172 3513 316 3562 conductos
331 3510 452 3557 wortltless
469 3513 610 3574 physicians,
627 3516 684 3560 also
769 3510 949 3574 'Addressing
961 3513 999 3558 the
1010 3509 1047 3555 ιιι

115 3583 198 3630 bunes.
262 3581 272 3610 ⁴
292 3581 339 3630 For
351 3581 390 3626 the
402 3581 563 3628 construction
576 3581 605 3626 of
613 3581 729 3648 oportuit,
741 3593 816 3641 seep
830 3579 870 3638 38,
883 3576 975 3626 notel.
