2230 3846
105 195 162 252 tlt
375 250 381 254 .
495 195 530 255 T.
549 195 651 256 LIVII

111 355 235 423 auderet,
252 371 348 410 omnes
367 373 416 412 eae
435 373 488 423 nes,
509 354 537 412 in
558 375 646 414 ιιιιιι
665 319 855 430 congruentes,
873 351 949 410 houd
963 348 1059 424 magis

114 435 225 492 dubiem
246 433 450 492 damnationem
465 434 579 502 Volscii,
599 433 684 510 quiem
706 433 844 491 Kaesonis
856 431 972 489 Volscio
985 441 1067 486 teste

114 515 212 581 fueret,
225 511 370 570 faciebant.
410 514 444 570 In
458 514 535 570 mord
548 513 651 570 tribuni
665 524 752 580 erant,
766 513 814 588 qui
828 519 836 548 ‘
849 509 1065 582 comitiaquae·

116 600 124 627 ⁸
138 605 226 650 nores
245 590 347 648 babere
366 592 403 649 de
421 612 477 661 reo,
494 593 547 650 nisi
560 593 635 668 priris
649 592 742 650 brbite
755 593 790 648 de
803 591 866 666 lege
879 599 981 654 essent,
995 605 1066 663 pes·

116 679 125 707 ⁴
138 670 224 728 suros’
244 670 389 745 negabant.
429 670 473 728 lte
488 684 610 729 extracta
623 685 739 745 utraque
752 690 796 728 res
809 671 836 726 in
848 668 995 727 centulum
1011 665 1067 722 ad·

116 763 229 808 rentum
243 763 294 806 est.
334 749 392 813 Qui
405 750 453 807 ubi
465 749 666 827 triumphantes
678 751 783 807 victore
796 767 860 806 oum
874 746 1001 805 exercitu
1013 763 1066 802 ur-

116 831 180 887 bem
199 829 327 896 inierunt,
348 829 412 903 quie
428 829 566 887 silentium
589 831 625 886 de
644 831 705 905 lege
719 841 787 898 erat,
806 827 946 904 perculsos
957 842 1066 898 magne

115 927 180 986 para
192 908 485 966 medebentuibunos.
525 909 569 966 At
580 907 620 964 illi
630 907 748 978 (etenim
758 919 912 964 extremum
922 903 989 962 enni
996 901 1065 978 jans
1109 951 1110 958 ,

116 985 192 1064 erat)
205 997 331 1063 quartum
345 987 507 1044 affectantes
518 988 697 1056 tribunatum,
717 987 745 1042 in
760 985 934 1044 comitiorum
948 983 1062 1056 diseep·

115 1067 247 1124 tationem
262 1067 370 1142 sublege
383 1079 520 1124 certamen
535 1078 704 1132 everterant3
724 1077 763 1132 et,
776 1085 862 1140 quum
874 1062 1004 1122 eonsules
1017 1061 1064 1116 ni-

115 1145 182 1204 bilo¹
192 1146 283 1202 miens
300 1146 430 1203 adversus
443 1147 675 1202 continuationem
690 1145 853 1212 tribunatius,
868 1141 950 1218 quiem
964 1139 1063 1207 silex,

116 1225 282 1284 minuendae
296 1245 361 1282 ettae
374 1224 527 1301 majestatis
539 1226 621 1282 conse
633 1223 815 1300 promulgate,
829 1225 955 1288 terretur,
967 1230 1062 1278 teten-

117 1305 230 1371 dissent,
245 1303 360 1360 victoria
372 1305 529 1361 certaminis
542 1324 626 1380 penos
641 1305 764 1360 tribunos
777 1301 838 1358 tuit.
879 1301 989 1358 Eodem
1011 1317 1062 1356 an·

114 1402 153 1439 no
168 1383 273 1457 Aequis
286 1401 340 1458 pax
354 1395 398 1439 est
409 1384 566 1459 petentibus
579 1384 651 1440 deta.
692 1373 866 1449 Census‚'ree
879 1381 971 1456 priore
984 1396 1065 1435 anno

115 1460 251 1527 inchoate,
262 1461 402 1537 perficitur
412 1461 420 1494 ¹
432 1485 440 1528 ς
459 1463 541 1537 idque
549 1463 665 1523 lustrum
676 1461 711 1518 ab
719 1461 823 1536 origine
831 1459 907 1516 urbis
917 1457 1063 1516 decimum

116 1541 267 1597 eonditum.
309 1539 431 1609 Fuerunt
441 1561 523 1598 censs
530 1542 630 1598 civium
639 1541 729 1616 capita
737 1551 847 1598 centnm
858 1535 1064 1615 septemdecim

116 1619 202 1676 millia
211 1631 334 1677 trecenta
347 1621 535 1678 novemdecim
547 1619 568 1676 ².
609 1620 760 1678 Consulum
775 1637 875 1693 magna
886 1617 963 1674 domi
980 1614 1063 1673 belli·

116 1717 171 1772 que
190 1718 224 1755 eo
243 1717 316 1754 anno
335 1699 421 1773 gloria
439 1699 507 1756 fuit:
528 1699 602 1773 quod
622 1711 651 1756 et
670 1699 736 1755 loris
751 1716 851 1774 pacem
870 1715 1015 1773 peperere,
1032 1705 1062 1750 et

116 1777 201 1843 domi,
223 1779 275 1834 etsi
295 1797 349 1834 non
364 1797 486 1847 concors,
500 1779 590 1834 minius
604 1791 705 1846 tamen,
719 1775 802 1852 qulam
815 1775 893 1846 alies,
906 1777 1008 1832 infesta
1021 1773 1061 1830 ci·

114 1855 184 1913 vitas
193 1856 254 1913 fuit.

257 1933 351 1991 XXV.
371 1934 405 1991 L.
416 1935 559 1993 Minucius
569 1936 634 1992 inde
642 1947 670 1993 et
679 1935 712 1994 C.
724 1933 844 1992 Nautius
854 1933 982 1992 consules
990 1931 1061 1990 faed

116 2017 140 2052 ¹³·
155 2016 178 2052 ⁰·
218 2015 285 2071 dues
295 2013 418 2071 residuae
433 2015 497 2071 enni
511 2015 608 2091 prioris
621 2034 716 2072 oeusm
729 2026 905 2090 exceperunt.
945 2012 1059 2070 Eodem

149 2071 173 2120 6·
217 2093 300 2150 modo
313 2094 544 2169 consuleslegem‚
559 2093 662 2151 tribuni
666 2093 804 2170 judicium
818 2094 853 2150 de
869 2093 989 2158 Volscio,
1004 2091 1057 2147 int·

114 2171 274 2248 pediebant:
288 2174 336 2229 sed
345 2174 373 2230 in
382 2175 570 2248 quaestoribus
578 2173 656 2230 novis
665 2173 805 2248 mejotvis,
814 2171 900 2250 major
908 2171 1060 2228 auctor-itae

115 2262 182 2307 eret.
223 2251 295 2308 Cum
307 2251 351 2308 M.
365 2251 484 2319 Valerio,
499 2252 601 2314 Valerii
614 2253 680 2320 lilio,
695 2251 790 2310 Volesi
803 2264 912 2327 nepote,
927 2262 1059 2326 quaestor
1109 2285 1110 2288 =

114 2341 173 2385 eret
182 2329 216 2385 T.
227 2329 375 2393 Quinctius
385 2329 565 2406 Capitolinus,
575 2331 622 2406 qui
630 2344 673 2388 ter
682 2331 785 2389 Consul
794 2331 892 2388 tuerat.
920 2329 1057 2404 ls,‘quo·
1109 2397 1110 2400 Ἴ

115 2407 204 2462 ‘niem
212 2427 301 2482 neque
308 2409 454 2472 Quinctiae
463 2411 578 2468 familiae
588 2410 690 2476 Kaeso,
699 2430 788 2486 neque
797 2409 962 2486 reipublicae
970 2409 1057 2466 inaxi-

115 2493 195 2542 ‘mue
206 2485 348 2563 juvenum,
359 2487 465 2544 restitui
474 2501 566 2564 posset
574 2488 603 2555 ³,’
617 2491 715 2546 falsum
725 2501 833 2556 testem,
849 2489 913 2564 ‘qai
922 2488 1055 2545 dicendae

115 2572 124 2605 ‘
138 2584 237 2622 causae
249 2565 361 2622 innoxio
374 2579 539 2642 potestatem
552 2567 716 2635 ademisset,’
726 2567 802 2644 justo
810 2587 843 2624 ec
853 2569 899 2642 pio
910 2567 1053 2642 belloper·

116 2646 291 2719 sequebatur.
331 2645 426 2710 Quum
441 2645 583 2722 Virginius
603 2649 732 2704 maxime¹
745 2661 773 2704 et
792 2647 915 2704 tribuni⁴
936 2646 972 2704 de
992 2645 1052 2720 lege

114 2735 234 2798 egerent,
250 2723 336 2782 dubm
350 2725 486 2784 mensium
504 2726 622 2802 epatium
636 2727 793 2784 consulibus
807 2727 903 2783 datam
916 2725 1050 2782 estedin·

114 2871 155 2916 tlte
166 2885 268 2930 purpose
280 2870 309 2918 of
316 2869 429 2934 deeidirtg
441 2873 481 2918 tbe
492 2871 603 2932 disputed
615 2873 691 2934 point,
703 2875 741 2937 (ni
751 2876 783 2922 t‘tn
795 2873 876 2934 estet)
912 2871 1050 2922 Sometimes
1109 2853 1110 2882 ἶ

113 2938 155 2986 the
171 2938 280 2998 ptatntiff
292 2937 384 2985 desired
393 2941 436 2986 tbe
446 2939 576 2988 defendant
587 2950 612 2986 to
623 2956 694 2988 neme
705 2940 847 3004 thejudgeq
859 2942 1002 3004 (utjttdr'cct
1018 2941 1050 2989 di.

113 3005 197 3064 erret.)
235 3006 479 3054 Fortbsecousation
492 3008 585 3069 against
598 3009 689 3070 Kaeso,
705 3009 860 3069 seeChapter
876 3009 913 3056 13.
983 3008 1049 3056 ¹8oe
1109 3011 1110 3076 ,

112 3088 137 3134 p.
154 3071 207 3128 171,
220 3082 277 3120 note
287 3073 312 3122 3.
456 3075 468 3107 ¹
485 3075 623 3138 According
640 3086 665 3122 to
681 3076 825 3132 Gronovius,
843 3087 937 3126 rentum
955 3079 1049 3140 trt'glsrto
1109 3089 1110 3118 l

113 3145 161 3192 tluo
177 3141 251 3188 stillio
269 3145 441 3205 quadringenta
457 3159 544 3192 novem.
649 3143 658 3172 ¹
677 3144 760 3192 Cicero
776 3144 897 3204 espressly
914 3154 987 3191 states
1002 3147 1047 3192 tbrt

115 3207 256 3255 Kaesones
272 3209 382 3256 recelled.
421 3212 456 3256 As
467 3226 504 3256 ure
520 3211 631 3257 nowhere
647 3210 696 3256 else
708 3210 758 3257 lind
774 3225 822 3272 ray
838 3212 947 3258 mention
965 3212 993 3258 of
1005 3213 1047 3258 tltis

113 3275 292 3332 circumstance,
312 3291 348 3322 we
362 3287 428 3324 must
443 3271 556 3340 imtigine,
571 3277 628 3324 with
648 3279 733 3325 Fatlrer
753 3279 850 3337 cetron,
868 3280 956 3326 thetin
970 3279 1047 3340 Lity't
1109 3305 1110 3322 t

113 3341 211 3402 opinion
219 3341 375 3392 hcbtddied.
431 3344 577 3408 ‘Virginius
586 3346 1044 3401 moaebnrettrr'bsrri,mustmesn.vir·
1109 3329 1110 3410 i

113 3410 196 3470 ginius
211 3410 338 3472 especially
351 3426 376 3457 as
388 3411 441 3458 well
453 3427 479 3458 as
490 3415 529 3458 the
541 3413 610 3460 otber
620 3414 734 3469 tribunes,
746 3429 774 3459 es
783 3413 813 3460 be
824 3429 873 3460 wat
884 3427 934 3465 one
942 3413 971 3460 ol
984 3415 1049 3466 there

113 3478 167 3532 uto
178 3477 309 3533 continued
321 3493 347 3526 so
359 3477 417 3549 long
427 3477 452 3528 in
464 3479 539 3532 office.
578 3480 621 3531 See
635 3481 739 3547 chapter.
753 3480 795 3533 tt.
