2232 3862
450 235 574 298 LIBER
596 233 620 296 Ι.
966 239 1005 294 bl

65 400 214 468 manifeste,
228 398 324 475 ulique
336 409 428 456 tumen
438 397 555 474 piuoulo,
570 362 699 465 lueretur,
714 397 877 474 imperatum
886 398 965 477 patri,
974 409 1008 454 ut

65 482 144 538 ilium
159 479 290 555 expiaret
302 479 421 555 peeunib
432 477 551 554 publici.
591 478 628 544 ls,
643 476 806 552 quibusdam
824 479 1007 555 piacularibus

64 559 200 617 sacrifieiis
209 558 299 626 lautis,
314 577 385 632 quae
392 557 493 614 deinde
500 556 576 632 genti
587 555 721 614 Horatius
730 557 828 614 tradita
837 571 910 626 aurit,
920 571 1008 616 trans·

66 641 144 695 muso
156 637 298 714 perviam
313 635 411 711 tigillo,
432 636 522 712 eapite
537 636 679 711 adoperto,
694 636 769 692 velut
782 637 941 714 subjugum
956 637 1008 693 mi·
1109 703 1110 706 Ἴ

66 721 97 774 sit
105 719 252 795 juvenem.
293 715 328 772 Id
344 715 427 772 hodie
441 716 550 790 quoque
563 713 673 790 publice
686 733 795 792 semper
802 717 934 774 relectum
949 735 1008 773 ma·

67 811 115 853 ret
145 796 295 854 Sororium
306 795 425 871 tigillum
436 807 541 852 rorent.
563 793 697 852 Horatiae
708 793 891 870 sepulchrum,
902 816 957 872 quo
967 797 1017 854 lo·.

68 897 95 933 oo
107 887 253 932 corruerat
265 875 330 938 iota,
345 885 532 932 constructum
546 886 589 930 est
601 893 668 930 saxo
682 875 823 948 quadrato,
911 889 914 915 ¹

101 953 230 1011 XXVII.
254 954 316 1012 Nee
329 953 442 1030 diupax
454 954 563 1010 Albana
573 954 680 1010 mansit.
701 953 808 1010 Invidia
819 953 900 1029 vulgi,
915 951 1009 1031 iqutd

70 1036 171 1090 ‘tribus
185 1033 326 1090 militibus
338 1035 447 1090 fortuna
459 1032 569 1108 publice
582 1032 728 1090 commissa
740 1031 840 1101 luerit,'
854 1053 953 1090 venum
967 1034 1010 1088 in-

6 1119 7 1174 }
70 1114 173 1188 genium
196 1112 343 1170 dictatoris
360 1112 498 1188 eorrupit3
515 1125 551 1176 et,
566 1112 693 1186 quonium
713 1125 787 1169 recte
804 1113 917 1168 consilia
936 1111 1010 1168 haud

71 1196 131 1250 hene
144 1203 309 1258 evenerant,
323 1192 414 1268 previs
427 1191 601 1248 reconciliare
615 1191 787 1267 popularium
796 1191 901 1248 animos
910 1192 1012 1268 coepit,

71 1271 159 1346 igitur,
174 1285 209 1328 ut
223 1271 301 1348 priris
322 1272 350 1326 in
371 1271 560 1346 bellopacem,
574 1271 614 1326 sio
627 1271 654 1326 in
668 1289 737 1347 paee
751 1269 853 1327 bellum
868 1289 1010 1346 quaerens,
1109 1323 1110 1326 ,

71 1353 126 1425 quio
139 1371 209 1408 snae
224 1350 332 1407 civitati
340 1349 492 1406 animorum
502 1349 572 1425 plus,
586 1348 668 1424 quem
681 1350 788 1417 virium,
803 1350 932 1408 cernebat
941 1369 1009 1415 esse,

70 1431 99 1486 ud
113 1431 216 1488 bellum
230 1429 323 1506 pelini
336 1441 420 1504 etque
433 1447 467 1486 ex
480 1429 572 1485 edicto
585 1430 738 1504 gerundum
752 1429 818 1486 olins
829 1430 948 1487 concitat
962 1447 1011 1506 po·

70 1510 159 1585 pulos:
177 1509 238 1566 auis
253 1529 303 1584 per
315 1510 435 1584 speeiem
449 1507 587 1565 societatis
601 1509 783 1584 proditionem
803 1521 932 1566 reservat.
966 1507 1011 1564 Fi-

70 1591 189 1656 denates,
203 1588 317 1646 colonia
328 1587 461 1654 llorneua,
477 1586 638 1665 Vejentibus
649 1587 729 1646 sociis
740 1587 845 1646 consilii
855 1587 1011 1664 assumptis,

70 1682 146 1742 puoto
159 1667 335 1725 transitionis
357 1667 526 1724 Albanorum
548 1667 582 1724 ed
596 1667 697 1724 bellurn
712 1679 794 1743 atque
807 1687 884 1725 arms
897 1669 1012 1725 inoitan·
1109 1669 1110 1674 ’

71 1762 118 1803 tur.
158 1748 258 1811 Quum
276 1746 395 1804 Fidenae
403 1749 498 1823 aperte
507 1745 667 1814 descissent,
683 1747 790 1816 Tullus,
805 1745 899 1804 Metto
908 1747 1013 1804 exerci·
1109 1805 1110 1808 ,

71 1841 150 1901 tuque
165 1827 229 1902 ejus
243 1827 278 1883 eb
293 1825 369 1882 Albi
385 1825 481 1893 accito,
503 1839 597 1882 contra
615 1825 708 1883 hostes
727 1827 812 1884 ducit.
853 1826 910 1886 Ubi
925 1827 1013 1884 Anie-

72 1925 127 1962 nem
142 1905 265 1970 transiit,
279 1905 313 1961 ad
329 1905 728 1963 confluentescolloeateastra.
758 1905 906 1963 Internum
921 1905 1014 1963 lorum

72 2001 97 2040 et
111 1985 231 2042 Fidenas
248 1983 406 2060 Vejentium
421 1985 556 2042 exercitus
569 1983 691 2041 Tiberim
704 1985 854 2041 transierat.
889 1984 931 2040 Hi
944 1997 973 2040 et
986 1986 1015 2040 in

73 2064 124 2121 eois
137 2084 229 2140 prope
242 2065 347 2120 flumen
360 2077 472 2121 tenuere
492 2064 619 2120 ‹lextrum
641 2083 744 2119 cornu:
765 2064 792 2119 in
811 2064 920 2119 sinistro
935 2062 1015 2119 Fide·

73 2157 145 2200 nates
167 2143 285 2219 propiirs
307 2155 416 2199 montes
437 2143 600 2200 consistunt.
642 2141 740 2198 Tullus
763 2143 893 2198 adversus
915 2141 1015 2219 Vejen-
1109 2155 1110 2164 ¹

73 2237 123 2279 tem
132 2223 245 2280 hostem
257 2222 351 2298 dirigit
361 2241 440 2279 suos:
456 2222 580 2279 Albunos
590 2233 684 2278 contre
695 2221 829 2296 legionem
842 2221 1015 2278 Fidenatium

74 2303 195 2360 collocat.
226 2302 338 2358 Albano
352 2321 406 2358 non
420 2302 578 2378 plusauimi
593 2313 659 2368 erat,
674 2299 755 2376 quim
770 2301 842 2358 fidei.
884 2301 945 2358 Neo
959 2321 1016 2359 ma·
1109 2333 1110 2362 ;

75 2401 133 2438 nere
142 2401 224 2457 ergo,
233 2400 286 2438 neo
296 2381 410 2438 transire
420 2383 514 2457 uberte
527 2401 618 2449 ausus,
633 2381 733 2438 sensim
750 2381 784 2438 ad
799 2395 907 2438 montes
920 2399 1016 2456 sunce-
1109 2445 1110 2450 ἵ

76 2462 119 2517 dit.
159 2462 242 2526 lude,
262 2459 311 2517 ubi
334 2467 342 2494 ‘
365 2461 431 2518 ratis
449 2462 554 2517 subisse
572 2459 640 2517 sese'
661 2473 736 2517 tutus
756 2473 806 2528 est,
828 2461 908 2536 erigit
928 2474 1015 2518 totam

75 2539 157 2597 aciem
167 2539 196 2596 ¹:
218 2539 409 2615 fluctuansque
422 2540 522 2605 animo,
544 2551 576 2596 ut
589 2551 690 2596 tereret
704 2553 821 2616 tempus,
844 2542 954 2597 ordines
969 2559 1016 2596 ex·

76 2620 162 2693 plicat.
199 2619 353 2676 Consilium
367 2631 434 2686 erat,
455 2626 462 2654 ‘
478 2619 533 2694 quit
549 2620 659 2676 fortune
672 2639 729 2676 rem
742 2621 830 2688 deret,
845 2621 877 2677 eri
887 2619 1016 2678 inclinare

77 2698 182 2756 ‘vires'
225 2697 364 2755 Miraculo
383 2699 473 2775 primi>
489 2717 549 2755 esse
571 2698 712 2766 llomauis,
733 2699 781 2774 qui
795 2699 913 2776 proximi
933 2711 1017 2755 stete-

78 2791 141 2846 rant,
155 2791 188 2834 ut
202 2777 302 2834 nudari
315 2778 399 2834 latera
419 2797 469 2834 sua
482 2777 617 2834 sociorum
633 2778 759 2853 digressu
771 2792 932 2835 senserunt:
953 2779 1017 2834 inde

79 2877 156 2930 eques
170 2858 258 2914 citato
272 2876 344 2931 equo
357 2857 469 2914 nunciat
487 2857 553 2930 regi,
573 2865 581 2891 ‘
599 2858 673 2914 abire
694 2857 836 2914 Albaffosr’
877 2858 975 2915 Tullus
989 2858 1018 2913 in

80 2955 107 2990 re
119 2937 226 3013 trepidi
239 2937 386 2993 duodecim
399 2937 475 2992 vovit
490 2936 586 3004 Salios,
606 2937 722 3011 fanaque
738 2937 837 2994 Pallori
857 2958 888 2995 ac
911 2937 1019 2994 Purori.

78 3013 215 3090 Equitem,
231 3015 305 3072 clarit
318 3016 460 3092 increpans
474 3035 550 3082 voce,
571 3029 603 3072 ut
616 3015 708 3073 hostes
722 3017 891 3085 exaudirent,
908 3025 915 3051 ‘
929 3017 1018 3074 redire

80 3101 90 3147 ,⁶
103 3093 128 3150 in
141 3093 287 3170 proelium'
298 3095 395 3168 jubet:
411 3103 418 3128 ‘
433 3094 498 3151 nihil
513 3095 694 3171 trepidatione
709 3115 777 3170 opus
786 3115 846 3152 esse
857 3115 929 3152 :suo
938 3095 1018 3173 jussu

84 3174 267 3231 ‘circumduci
283 3173 424 3231 Albanum
440 3175 600 3244 exercitum,
621 3188 652 3230 ut
667 3174 840 3230 Fidenatium
855 3177 929 3232 nuda
942 3190 1020 3250 terga

79 3259 90 3283 '⁴
103 3249 260 3310 invadanrh‘
280 3253 358 3310 Idem
373 3254 497 3330 imperat,
513 3261 521 3287 ‘
534 3266 566 3310 ut
576 3253 666 3310 hastas
675 3254 781 3329 equites
790 3255 894 3330 erigere
903 3243 1068 3338 jubeotlll-

82 3327 113 3410 ld
135 3335 237 3390 factum
258 3353 372 3408 magnae
392 3335 464 3408 perti
482 3333 606 3409 peditum
630 3333 818 3390 Romanorum
841 3328 1032 3406 c'ouspectum'

82 3411 203 3474 abeuntis
220 3411 320 3468 Albani
335 3412 472 3470 exercitius
486 3412 657 3486 intersepsit;
674 3413 721 3486 qui
735 3411 867 3478 viderant,
888 3411 925 3474 id,
947 3410 1021 3479 quod

83 3539 86 3546 Ι
117 3555 123 3582 ¹
140 3561 208 3615 Inde,
221 3559 263 3622 ξε.
302 3558 379 3616 Theo,
391 3559 459 3604 when
471 3559 502 3603 he
515 3555 633 3618 (Mettus)
646 3557 750 3616 thought
762 3557 813 3602 that
824 3556 853 3600 he
864 3551 962 3596 himself
975 3550 1022 3598 hed

87 3621 169 3684 gained
180 3639 194 3671 ιι
207 3623 325 3672 sufficient
337 3626 425 3688 height,
438 3627 467 3672 he
478 3639 561 3672 causes
573 3623 609 3668 lris
620 3623 697 3669 whole
705 3637 770 3681 army
784 3633 808 3668 to
817 3617 911 3666 uscetrd.

996 3747 1009 3761 ⁸
1053 3749 1090 3776 Δ

1024 3804 1038 3848 A
