2262 3858
445 221 626 302 masau.
944 247 1002 302 sar

70 421 149 459 cursu
168 401 311 460 hominum
328 400 388 468 viis,
409 421 471 477 pars
485 401 514 459 iu
526 402 652 479 proxima
665 421 789 478 quaeque
802 413 939 461 tectorum
953 422 1000 478 agn

13 509 14 512 ¹
67 481 139 538 mine
152 495 256 548 ruuutr
275 500 338 557 pars
351 481 457 549 ultima,
472 483 547 538 velut
560 483 717 540 eudemum
732 482 834 540 intacta
854 496 882 540 et
902 483 1001 540 referta

66 562 174 635 praedi,
197 573 305 637 petunt.
346 560 415 617 inde
438 581 531 640 rursus
554 561 614 637 ipsi
634 561 782 618 solitudine
801 563 944 628 absterriti,
965 582 1000 619 ne

66 659 118 713 qua
130 641 207 698 fraus
221 640 329 698 hostilis
342 659 425 715 vagos
439 641 586 716 exciperet,
602 641 630 696 in
644 642 734 697 sorum
748 659 780 698 ao
794 642 946 716 propinqua
958 642 999 698 lo·

13 723 14 748 l
64 739 93 774 ro
111 720 175 778 loca
196 719 352 794 conglobati
372 720 513 776 redibant:
534 721 580 776 ubi
601 739 658 788 eos,
672 720 759 796 plebis
773 721 904 777 aedificiis
918 721 997 778 obse·

64 798 133 866 ratis,
156 799 315 876 petentibus
335 798 410 855 atriis
423 799 585 874 principum,
606 800 692 875 major
705 801 790 875 prope
804 801 941 856 cunctatio
955 812 997 858 te·

64 878 143 934 nebat
162 891 265 955 aperta,
287 876 368 954 quam
389 879 489 944 clausa,
516 879 670 935 invadendi.
711 875 793 934 Adeh
820 876 892 936 haud
919 899 998 936 secus

64 956 145 1030 qulam
158 957 345 1015 venerabundi
358 957 533 1014 intuebantur
543 958 571 1014 iu
579 957 688 1014 aedium
698 957 839 1014 vestibulis
851 967 858 996 ¹
873 958 999 1016 sedentes

63 1036 145 1103 viros,
156 1050 266 1112 praeter
278 1047 403 1093 ornatum
417 1035 595 1111 habitumque
608 1035 727 1094 humano
737 1037 930 1112 augustiorem,
942 1057 999 1094 ms·

59 1113 157 1190 jestata
178 1117 271 1182 etiarn,
292 1135 373 1190 quam
390 1115 483 1172 vultus
502 1117 673 1190 gravitasque
693 1117 747 1172 oris
765 1115 998 1191 praeseferebat,

63 1194 215 1252 simillimos
229 1195 301 1252 Diis.
342 1195 390 1251 Ad
404 1213 451 1251 eos
466 1195 540 1252 velut
553 1195 698 1254 simulacra
710 1196 781 1252 versi
794 1215 877 1270 quum
887 1207 999 1263 starent,

63 1271 103 1328 M.
119 1274 248 1351 Papirius
262 1293 333 1331 unus
346 1294 380 1330 ex
393 1273 437 1330 his
450 1275 550 1332 dicitur
565 1275 655 1340 Gallo,
669 1275 778 1331 barbam
793 1293 879 1339 suam,
893 1287 924 1332 ut
938 1286 998 1330 tum

63 1353 189 1410 omnibus
203 1354 335 1430 promissa
345 1365 411 1418 erat,
423 1353 611 1429 permulcenti,
621 1354 742 1428 scipione
751 1355 870 1411 eburneo
880 1354 905 1408 in
915 1366 998 1430 caput

62 1431 169 1490 incusso
180 1433 248 1490 iram
259 1432 376 1490 movisse
387 1455 394 1498 ;
413 1440 420 1468 ‘
435 1432 564 1507 atqueab
572 1452 606 1489 eo
615 1433 722 1489 initium
734 1434 824 1502 caedis
838 1447 936 1497 ortum,
951 1453 996 1490 ce-

63 1517 155 1568 ‘teros
175 1513 204 1569 in
223 1511 335 1569 sedibus
351 1512 407 1568 suis
419 1513 583 1569 trucidatos.
623 1512 691 1569 Post
711 1513 863 1588 principum
882 1513 995 1570 caedem

63 1591 151 1647 ‘nulli
170 1591 271 1692 deinde
292 1591 447 1649 mortalium
467 1591 551 1667 parci,
572 1591 653 1669 diripi
673 1604 754 1660 tecta,
768 1591 907 1650 exhaustis
920 1591 996 1669 injici

62 1670 170 1744 ‘ignes-

95 1749 193 1806 XLII.
205 1750 344 1818 Ceteritm,
355 1769 404 1808 seu
412 1769 467 1808 non
476 1751 602 1808 omuibus
611 1752 742 1809 delendae
751 1752 825 1808 urbis
835 1752 919 1808 libido
927 1763 994 1818 erat,

62 1847 107 1884 seu
126 1829 166 1886 ita
183 1830 322 1905 placuerat
341 1830 510 1906 principibus
526 1831 678 1896 Gallorum,
698 1839 747 1888 ‘et
766 1831 895 1887 ostentari
912 1850 995 1906 quae·

62 1908 144 1964 ‘dam
159 1909 286 1966 incendia
294 1910 404 1966 terroris
417 1910 507 1974 causi,
521 1910 545 1966 si
558 1910 682 1985 compelli
697 1911 731 1966 ad
746 1910 912 1969 deditionem
926 1909 995 1966 cari-

62 1994 138 2044 ‘tate
152 1988 259 2045 sedium
275 2009 384 2046 suarum
400 1989 502 2046 obsessi
516 2000 646 2064 possent;
665 1999 694 2044 et
713 2007 766 2043 non
781 1988 872 2044 omnia
884 2006 996 2054 concre-

62 2067 149 2123 ‘mari
169 2079 252 2132 tecta,
273 2080 313 2133 ut,
334 2069 516 2143 quodcunque
536 2079 690 2142 superesset
708 2067 791 2134 urbis,
806 2067 834 2122 id
848 2066 946 2141 pignus
960 2066 995 2122 ad

62 2152 68 2177 ‘
80 2147 233 2203 flectendos
242 2145 359 2204 bostium
369 2146 474 2203 animos
482 2145 612 2203 haberent
623 2145 638 2213 ;’
651 2165 821 2221 nequaquam
830 2145 943 2220 perinde
955 2153 1009 2201 at-'

61 2243 111 2298 que
132 2227 160 2282 in
182 2227 263 2302 capt-b
282 2227 348 2284 urbe
364 2227 452 2302 primi
464 2225 509 2282 die
523 2238 571 2282 aut
584 2225 683 2301 passim
698 2238 746 2282 aut
759 2225 813 2282 late
827 2235 939 2300 vagatus
953 2236 995 2282 est

61 2304 138 2378 ignis.
181 2304 309 2370 Romani,
330 2325 365 2362 ex
384 2325 446 2362 arce
467 2305 574 2380 plenam
595 2303 714 2361 hostium
735 2303 831 2362 urbem
845 2316 995 2371 cernentes,

60 2402 197 2460 vagosque
217 2404 266 2460 per
279 2385 335 2442 vias
354 2404 450 2442 ornnes
470 2403 574 2450 cursus,
595 2403 680 2459 quum
694 2383 746 2440 alit
758 2395 840 2459 atque
854 2384 906 2441 alii
919 2396 996 2459 parte

60 2481 129 2520 nova
142 2463 235 2538 aliqua
251 2463 341 2522 clades
354 2464 479 2528 oriretur,
501 2483 555 2520 non
570 2464 708 2520 mentibus
720 2463 807 2522 solium
822 2463 964 2539 concipere
975 2463 995 2529 ²,

60 2544 106 2599 sed
126 2562 162 2600 ne
182 2541 294 2599 auribus
314 2543 424 2618 quidem
445 2555 527 2617 atque
540 2543 627 2601 oculis
640 2543 706 2600 satis
720 2556 843 2602 constare
857 2555 992 2618 poterant.

61 2622 234 2696 Quocunque
255 2622 357 2679 clamor
376 2622 505 2687 hostium,
526 2623 672 2678 mulierum
693 2639 894 2698 puerorumque
907 2621 996 2696 plora·

60 2714 110 2766 tus,
125 2702 233 2758 sonitus
246 2701 379 2768 flammae,
394 2714 422 2758 et
430 2703 519 2778 fragor
529 2702 666 2758 ruentium
680 2713 813 2758 tectorum
823 2701 965 2758 avertisset
973 2699 995 2768 ³,

59 2791 190 2854 paventes
203 2781 238 2836 ad
252 2781 351 2844 omnia,
372 2781 477 2838 animos
491 2799 592 2854 oraque
605 2773 633 2836 et
647 2780 739 2838 oculos
752 2780 906 2848 flectebant,
922 2780 997 2836 velut

59 2861 91 2915 ad
105 2859 293 2950 spectaculum
308 2860 446 2916 alortunh
459 2860 541 2935 positi
554 2859 703 2916 occidentis
717 2860 828 2935 patriae,
849 2877 900 2916 ncc
912 2860 995 2916 ullius

58 2957 147 2995 rerum
163 2957 273 2994 suarum
283 2939 378 3004 relicti,
389 2947 578 3014 praeterquam
588 2957 742 3015 corporum,
753 2939 880 2996 vindices.
921 2938 996 3000 Tan·

58 3031 85 3075 to
98 3029 164 3075 ante
177 3017 246 3074 alios
259 3018 404 3075 miserandi
418 3019 512 3094 magis,
527 3017 574 3092 qui
587 3037 707 3093 uuquam
718 3019 821 3076 obsessi
834 3029 906 3086 suut,
921 3018 995 3093 qubd

91 3178 98 3205 ¹
116 3171 176 3226 This
191 3186 257 3225 must
273 3192 342 3226 mean
362 3179 412 3226 that
429 3179 469 3226 the
488 3177 565 3226 Gauls
576 3193 638 3224 were
654 3181 681 3227 in
697 3181 820 3235 uestibulis,
838 3193 865 3225 or
882 3176 943 3238 Livy
954 3177 996 3223 has

59 3245 179 3308 lorgotten
198 3247 249 3294 that
266 3246 296 3292 he
312 3245 388 3294 stated
405 3248 446 3294 the
463 3255 568 3292 senators
584 3255 610 3292 to
621 3249 651 3296 be
662 3251 736 3298 medio
747 3250 849 3298 aedium·
917 3247 929 3274 ²
945 3245 997 3292 The

58 3313 97 3359 old
111 3311 215 3374 'reading
232 3312 252 3360 is
263 3319 384 3378 concipere
391 3336 401 3372 ,-
418 3330 432 3362 a
444 3311 572 3376 suggested
584 3313 691 3376 reading,
705 3315 780 3361 which
790 3315 831 3360 has
843 3315 901 3360 been
914 3321 998 3358 erten-

59 3381 131 3443 sively
141 3379 254 3440 adopted,
263 3386 389 3444 corrsipere.
426 3381 477 3428 The
489 3379 604 3432 formeris
615 3383 655 3428 the
667 3392 729 3432 most
739 3381 871 3448 expressive
879 3379 907 3424 of
915 3387 998 3442 strong

60 3449 149 3496 mental
166 3447 303 3503 alienation,
322 3449 455 3511 indicatlng
472 3451 512 3496 the
523 3449 571 3496 loss
581 3447 610 3494 of
624 3450 664 3497 the
676 3450 756 3510 power
767 3463 825 3496 even
837 3447 866 3493 of
879 3445 1000 3506 rscdvihg

59 3515 211 3578 impressione
222 3517 285 3563 from
298 3517 406 3573 without,
417 3515 464 3570 and
477 3516 497 3562 is
510 3515 626 3563 therefore
637 3516 774 3579 preferable.
843 3514 1002 3568 'Avertisreta

60 3585 103 3632 We
114 3582 203 3632 should
216 3584 384 3648 undoubtedly,
394 3581 451 3634 read
461 3587 603 3632 advertisset·

494 3653 576 3724 aa¹
