2232 3862
463 181 587 242 LIBER
607 181 631 238 Ι.
972 179 1008 236 67

88 344 170 411 ‘buna
184 361 251 400 cum
263 339 396 398 scelerata
408 339 526 416 conjuge
540 351 569 398 et
581 358 656 396 omni
647 339 812 398 liberorum
820 339 913 416 stirpe,
927 340 1008 403 lerro,

86 424 159 498 ‘igni
173 439 338 496 quacunque
351 418 491 476 debinc
464 438 493 474 vr
507 419 617 494 possim,
627 433 829 478 exsecuturum.
871 417 1008 484 Neeilloe,

86 511 146 560 ‘neo
158 503 245 558 alium
259 517 415 574 quenquam
430 517 543 572 regnare
559 498 665 554 Romae
678 496 840 572 passurum!
881 498 1009 556 Cultrum

84 581 169 638 deinde
184 579 324 638 Collatino
343 577 442 642 tradit;
463 577 527 634 inde
545 575 677 634 Lucretio
697 597 730 634 ac
743 576 860 644 Valerio,
875 576 1008 653 stupenti·

84 663 124 716 bus
142 658 278 716 miraculo
298 657 345 724 rei,
366 657 562 714 undenorum
583 656 612 712 in
632 655 713 718 Bruti
729 669 839 732 pectore
858 655 1008 748 ingenium.

84 739 117 798 Ut
128 749 306 828 praeceptum
327 748 393 803 erat,
410 734 519 810 jureum
539 736 645 810 totique
665 737 699 793 ab
712 736 789 792 luctu
802 736 873 792 versi
890 736 917 792 in
931 735 1008 802 iram,

83 816 231 886 Brutum,'
217 836 277 892 Jarn
298 816 362 872 inde
383 815 419 871 ad
438 815 650 890 expugnandum
671 834 785 890 regnum
799 827 996 882 recantamus
966 833 1009 872 se-

82 909 192 972 quuntur
212 897 323 952 ducem.
364 893 478 952 Elatum
498 894 581 952 domo
600 891 747 952 Lucretiae
767 913 866 970 corpus
880 893 907 950 in
920 894 1008 950 forum

83 978 206 1042 deferunt,
221 973 407 1047 concientque
420 971 559 1064 miraculo,
573 985 606 1030 ut
618 974 658 1040 fit,
671 973 712 1030 rei
723 993 811 1032 novae
826 987 908 1064 atque
921 972 1010 1047 indig-

82 1055 156 1112 nitate
175 1053 313 1112 homines.
354 1053 410 1108 Pro
429 1071 459 1109 se
470 1053 603 1144 quisque·
601 1052 690 1110 scelus
705 1053 810 1126 regium
825 1072 858 1110 ac
870 1052 925 1108 rim
943 1070 1009 1126 que·

82 1148 176 1192 rantur.
219 1132 321 1190 Movet
334 1143 395 1188 tum
407 1131 492 1206 patris
506 1131 652 1197 moestitia,
663 1143 726 1188 turn
738 1131 850 1199 Brutus,
864 1130 1012 1206 castigator

20 1269 21 1274 ,
83 1214 245 1270 lacrimarum
262 1223 345 1286 atque
359 1209 488 1268 inertium
497 1211 677 1285 querelarum,
691 1223 849 1286 auctorque,
865 1211 961 1284 ‘quod
972 1210 1011 1266 vi·

20 1349 21 1352 ,
82 1299 147 1361 ‘ros,
169 1292 246 1367 quod
267 1291 410 1348 Romanos
423 1289 551 1357 deceret,’
568 1309 644 1348 arma
661 1291 787 1367 capiendi
802 1291 931 1349 adversus
947 1288 1009 1346 hos·

81 1372 229 1429 tiliaausos.
270 1369 467 1426 Ferocissimus
481 1368 596 1444 quisque
605 1367 739 1445 juvenum
751 1390 813 1426 cum
823 1370 905 1428 armis
915 1369 1010 1426 volun·

81 1452 155 1508 tanus
165 1451 255 1507 adest.
298 1447 430 1522 Sequitur
442 1460 472 1506 et
484 1449 576 1506 cetera
584 1448 724 1526 juventus.
767 1449 845 1518 Inde,
861 1448 920 1526 pati
933 1467 1010 1525 prae·

81 1529 159 1586 sidio²
173 1529 272 1586 relicto
287 1527 421 1585 Collatiae
435 1528 469 1584 ad
483 1539 584 1604 portas,
596 1530 808 1603 custodibusque
819 1529 898 1596 datia,
909 1529 1011 1603 nequis

20 1619 22 1640 ³
80 1629 135 1666 eum
156 1621 266 1665 motum
288 1607 399 1681 regibus
419 1607 568 1678 nunciaret,
591 1607 675 1666 ceteri
693 1609 798 1675 armati,
818 1609 889 1666 duce
913 1606 1010 1676 Bruto,

80 1689 192 1746 Romam
212 1686 362 1763 profecti².
404 1685 461 1744 Ubi
480 1687 514 1744 eb
528 1699 638 1744 ventum
654 1699 704 1753 est,
724 1707 885 1762 quacunque
898 1687 1010 1756 incedit,

79 1781 174 1824 arruata
190 1765 344 1823 multitudo
364 1783 492 1839 pavorem
506 1785 539 1823 ac
553 1767 702 1824 tumultum
716 1767 790 1824 lacit.
832 1768 948 1836 Rursus,
963 1767 1011 1824 ubi

80 1847 176 1904 anteire
189 1846 327 1922 primores
341 1843 459 1900 civitatis
472 1845 574 1912 vident,
591 1845 743 1920 ‘quicquid
757 1845 801 1912 sit,
822 1844 895 1902 haud
909 1849 1013 1904 temere

81 1925 161 1982 ‘esse’
175 1937 282 1982 rentur.
330 1922 391 1980 Nec
404 1923 536 1980 minorem
551 1935 656 1982 motum
670 1925 822 1981 animorum
835 1925 941 1982 Romae
955 1938 1013 1982 tam

80 2017 151 2062 atrox
169 2024 216 2061 res
235 2002 312 2067 facit,
334 2021 417 2076 quam
438 2002 572 2060 Collatiae
591 2003 702 2060 fecorat.
742 2003 818 2077 Ergo
838 2023 872 2058 ex
886 2004 1012 2062 omnibus

80 2084 139 2141 locis
152 2083 229 2140 urbis
242 2085 273 2139 in
287 2082 376 2138 lorum
391 2081 516 2138 curritur.
557 2081 622 2145 Qut
635 2081 717 2138 simul
728 2095 840 2138 rentum
854 2093 903 2149 est,
913 2101 1013 2156 praeco

80 2164 109 2219 ad
121 2159 286 2220 ιιίιιιιιιιιιιι3
309 2160 474 2228 Celerum,
467 2179 494 2216 m
508 2179 563 2235 qno
578 2172 636 2218 tum
650 2159 810 2236 magistratu
825 2161 894 2218 forte
909 2161 1012 2252 Brutus

80 2256 139 2310 erat,
153 2240 305 2334 populum
304 2239 455 2296 advocavit.
494 2239 539 2296 lbi
552 2239 639 2296 oratio
653 2237 752 2306 habita,
767 2259 937 2314 nequaquam
952 2239 1013 2317 ejus

79 2322 192 2396 pectoris
213 2317 381 2394 ingeniique,
395 2318 468 2392 quod
482 2319 639 2375 simulatum
654 2319 689 2374 ad
702 2337 762 2375 eam
777 2319 849 2376 diem
863 2320 960 2387 suerat,
977 2322 1012 2378 de

79 2400 102 2455 vi
116 2420 148 2457 ac
166 2399 285 2456 libidine
309 2397 373 2454 Sex.
395 2397 546 2471 Tarquinii,
566 2399 601 2454 de
621 2409 716 2472 stupro
736 2397 846 2455 infando
866 2397 1013 2458 Lucretiae

78 2491 103 2535 et
120 2476 272 2536 miserabili
286 2476 379 2540 caede,
400 2476 435 2532 de
449 2475 565 2533 orbitate
579 2476 772 2552 Tricipitini,‘
783 2479 827 2534 cui
840 2491 928 2535 morte
942 2479 1013 2537 filiae

77 2567 179 2614 ‘causa
198 2555 296 2612 mortis
315 2554 452 2646 indignior
471 2573 503 2611 ac
523 2555 702 2612 miserabilior
719 2555 808 2612 esset!
849 2558 955 2614 Addita
968 2577 1013 2614 su-

75 2636 194 2711 perbia³
185 2635 275 2712 ipsius
295 2635 376 2708 regis,
398 2633 576 2710 miseriaeque
597 2647 626 2692 et
645 2635 750 2691 labores
769 2635 893 2711 plebis,'
886 2656 914 2692 ιιι
927 2638 1013 2695 fossas

75 2715 236 2789 cloacasque
246 2711 443 2769 exhauriendas
453 2713 602 2770 demersae
643 2713 806 2770 ‘Romanos
816 2713 982 2783 hommes,
958 2736 1013 2774 vrc

76 2801 82 2826 ‘
95 2807 168 2851 tores
182 2792 307 2850 omnium
321 2791 394 2848 circa
379 2791 574 2866 populorum,
584 2791 696 2867 opifices
709 2811 741 2850 ac
754 2793 883 2884 lapicidas
893 2813 943 2870 pro
955 2796 1013 2852 bel·

76 2873 227 2930 ‘latoribus
248 2869 352 2928 factos?
392 2870 509 2946 Indigna
529 2871 587 2928 Ser.
602 2871 687 2927 Tullii
706 2872 778 2946 regis
792 2887 940 2930 memorata
952 2894 1014 2932 cae·

107 2983 115 3010 ¹
128 2987 189 3033 Puri
197 2985 322 3046 praesidio,
332 2979 595 3044 asufficientgarrison.
666 2983 676 3010 ¹
695 2983 825 3044 Dionysius
836 2993 940 3032 narrares
950 2987 1014 3036 these

77 3059 156 3098 events
164 3067 194 3098 as
205 3047 295 3111 having
307 3047 431 3109 happened
443 3059 467 3096 at
482 3051 565 3106 Rome,
579 3059 621 3096 not
635 3049 743 3098 Collatia.
781 3055 888 3112 Regibus,
903 3055 943 3101 the
954 3054 1015 3118 lring

78 3117 122 3163 and
138 3119 176 3166 bis
192 3133 256 3174 sons,
275 3132 314 3162 see
332 3132 357 3176 p.
375 3115 415 3170 lb.
434 3125 489 3163 note
506 3119 530 3166 2.
607 3117 617 3146 ⁸
636 3119 687 3164 The
709 3121 827 3167 Tribunus
847 3124 948 3170 Celerum
966 3137 1014 3169 was

78 3184 277 3232 commendares
296 3185 336 3236 the
351 3184 427 3238 horse,
451 3185 505 3232 who
527 3185 654 3246 composed
677 3185 717 3232 the
739 3185 820 3248 lring's
842 3187 905 3249 body
927 3188 1011 3250 guard.

78 3252 134 3312 (See
148 3253 224 3314 Chap.
241 3251 294 3313 15.)
330 3251 381 3299 The
389 3251 542 3314 relationsbip
554 3253 583 3300 of
593 3255 684 3301 Brutus
692 3263 717 3300 to
725 3255 765 3300 the
776 3253 844 3316 king,
854 3255 901 3302 and
910 3255 946 3301 bis
957 3271 1014 3315 sup.

78 3320 147 3376 posen
155 3319 297 3380 imbecillity
307 3317 336 3365 of
343 3317 419 3376 mind,
430 3319 544 3366 rendered
556 3320 614 3376 him,
627 3319 754 3382 according
763 3329 788 3368 to
799 3321 938 3383 DIonysiuu
949 3337 964 3367 a
972 3321 1014 3366 de-

78 3385 161 3434 sirable
173 3403 260 3448 person
272 3395 297 3432 ιο
308 3387 386 3431 whom
399 3394 424 3432 to
435 3386 533 3432 commit
544 3402 559 3432 a
570 3395 638 3440 trust,
651 3389 729 3433 where
740 3403 754 3432 a
771 3402 826 3433 man
844 3395 886 3433 n'ot
902 3395 1014 3432 connect

78 3452 106 3496 ed
118 3453 177 3500 with
189 3456 229 3500 the
240 3452 308 3526 royal
318 3452 411 3528 family,
424 3452 472 3498 and
483 3452 605 3513 possessed
618 3453 647 3499 of
655 3453 748 3511 t'alents,
760 3453 838 3516 might
854 3455 884 3500 be
896 3450 1014 3510 supposed

77 3517 151 3582 likely
163 3530 189 3568 to
201 3511 264 3568 form
276 3535 290 3565 a
301 3527 369 3580 party
382 3519 406 3565 in
418 3519 456 3566 his
466 3535 521 3567 own
533 3519 625 3566 favour.
