2224 3862
114 211 175 270 ‘226
496 207 532 268 Τ.
551 209 652 268 LIVII

116 379 181 426 tur:
201 377 230 424 et
243 367 356 437 mentio,
375 367 463 443 primi>
475 369 576 426 sensim
590 368 665 426 iliata
677 387 694 425 a
707 365 831 435 tribunis,
846 377 878 425 nt
889 341 1003 425 alterum
1016 389 1051 427 ex

118 447 198 523 plebe
209 447 348 505 consulem
357 447 452 506 liceret
462 448 530 516 fieri,
541 444 575 505 ei>
585 447 718 524 processit
726 447 835 514 deinde,
844 459 876 504 ut
885 447 1053 522 rogationem

119 545 218 583 novem
229 526 330 583 tribuni
344 527 557 604 promulgarent,
573 535 621 584 ‘ut
630 527 733 603 populo
741 538 863 602 potestas
873 538 956 594 esset,
965 546 1014 584 seu
1021 528 1055 584 de

119 612 127 640 ‘
141 605 229 682 plebe,
244 625 293 662 eeu
306 606 342 663 de
353 607 478 664 Patribus
488 607 578 674 vellet,
593 605 719 664 consules
731 604 867 663 faciendi!
907 605 944 662 ld
957 601 1021 662 veri)
1033 607 1055 662 si

117 684 204 750 fieret,
225 704 280 740 non
295 685 398 760 vulgari
419 681 501 742 madh
522 705 585 743 cum
602 685 712 754 infimis,
734 686 782 742 sed
796 704 907 761 prorsus
928 685 1055 742 auferria

117 763 281 839 primoribus
294 765 329 822 od
342 765 461 840 plebem,
472 784 611 822 summum
622 764 767 840 imperium
778 765 937 822 credebant.
977 762 1055 821 Laeti

117 862 183 917 ergo
197 843 307 900 audiere
321 844 426 910 Patres,
442 845 606 902 Ardeatium
617 844 750 920 populum
761 845 796 900 ob
806 842 934 919 injuriam
944 844 1002 918 agri
1011 843 1054 900 ab·

111 921 230 998 judicati
244 923 372 990 descisse,
393 936 421 982 et
437 923 567 999 Vejeutes
587 923 768 1000 depopulatos
787 937 912 980 extrema
928 922 988 997 agri
1004 922 1053 980 lio·

116 1001 200 1069 mani,
221 1013 250 1058 et
270 1001 386 1060 Volscos
408 1004 577 1078 Aequosque
597 1002 634 1059 oh
654 1001 852 1060 communitam
873 1001 1053 1076 Verruginem

118 1081 242 1138 fremere.
283 1081 366 1139 Aded
386 1082 428 1138 vel
449 1083 542 1138 infelix
559 1081 661 1139 bellum
682 1081 880 1157 ignominiosae
899 1081 965 1156 paci
982 1099 1053 1156 praa·

117 1161 248 1218 ferebant.
289 1159 345 1218 His
359 1161 451 1236 itaque
464 1161 492 1218 in
511 1161 599 1240 majus
612 1161 695 1218 etiam
709 1160 837 1236 acceptis,
858 1172 890 1216 ut
903 1161 979 1216 inter
991 1171 1052 1216 stre·

116 1239 207 1374 piruml
216 1251 258 1374 tqt
268 1239 400 1376 billi?
410 1241 626 1333 conticescerent
635 1241 756 1298 actiones
767 1239 939 1374 tribunicialq,
952 1238 1052 1352 ‘delpq

118 1327 185 1376 ‘tus
208 1338 233 1374 ra
252 1338 300 1383 err,
371 1340 416 1378 um
431 1339 507 1378 arma
525 1339 600 1378 uevr
615 1320 752 1376 sommia
790 1317 907 1376 arari'u
929 1330 991 1384 ent;
1030 1337 1051 1373 st

118 1404 125 1432 ‘
137 1403 192 1472 quo
200 1397 331 1454 intentius
339 1399 434 1474 possit,
444 1340 526 1474 quintii
533 1400 567 1457 T.
574 1399 706 1463 Quinctio
713 1339 826 1456 euridicis
834 1339 996 1474 appianatum
1004 1395 1051 1452 sit'

116 1475 190 1546 ¹Tum
207 1475 241 1534 C.
256 1476 412 1544 Canuleius,
422 1498 509 1553 pauca
522 1479 549 1534 in
560 1493 657 1536 senatu
668 1478 838 1545 vociferatus,
854 1477 1050 1552 ‘nequicquam

118 1562 126 1590 ‘
140 1555 289 1613 territando
302 1557 428 1614 consules
441 1569 564 1614 avertere
577 1558 684 1634 plebem
698 1577 716 1614 a
728 1557 794 1615 cuni
805 1575 938 1613 novarum
950 1556 1051 1630 legum;

114 1642 126 1678 ί
140 1653 277 1708 nunquam
292 1654 340 1692 eos
353 1655 382 1693 sa
396 1636 458 1693 viro
468 1637 607 1694 delectum
618 1636 766 1703 habituros,
775 1649 923 1710 antequam
934 1655 975 1702 ea,
986 1653 1049 1710 quae

115 1722 126 1778 ‚‘
139 1713 310 1790 promulgata
329 1717 364 1772 ab
387 1735 416 1772 se
436 1716 601 1792 collegisque
621 1729 721 1786 assent,
742 1716 836 1794 plebes
855 1712 1005 1781 scivisset?
1023 1725 1050 1771 et

115 1793 261 1852 confestim
275 1794 311 1851 ad
324 1794 484 1852 concionem
498 1796 649 1854 advocarit.

155 1872 194 1930 11.
215 1873 323 1931 Eodem
343 1885 467 1951 tempore
487 1887 516 1933 et
535 1875 660 1933 consules
674 1885 798 1932 senatum
813 1871 841 1930 in
854 1873 1005 1939 tribunum,
1023 1881 1047 1928 et

116 1953 243 2011 tribuous
257 1953 388 2029 populum
400 1956 428 2011 in
439 1955 565 2012 consules
578 1955 718 2013 incitabat.
757 1952 904 2029 Negabant
919 1951 1046 2016 consulas,

117 2041 125 2069 ‘
133 2031 192 2110 jam
206 2031 279 2090 ultrd
297 2033 360 2090 ferri
379 2053 460 2110 possa
479 2035 585 2092 furores
603 2033 773 2092 tribunicios.
814 2031 937 2089 Ventum
947 2031 1003 2109 jam
1017 2029 1046 2087 ad

116 2113 221 2170 ‘finem
235 2133 315 2180 eese;
333 2113 408 2171 domi
421 2114 483 2190 plns
496 2114 559 2172 belli
573 2113 711 2180 concitari,
726 2111 807 2188 quiam
821 2111 896 2168 foris.
938 2112 972 2169 ld
984 2109 1044 2167 adet

116 2198 125 2226 ‘
139 2211 192 2248 non
207 2192 303 2268 plebis,
324 2191 405 2267 quim
422 2194 552 2262 Patrum3
570 2211 660 2268 neque
673 2193 844 2250 tribunorum
859 2191 957 2265 magis,
971 2188 1043 2266 quim

115 2277 124 2306 ¹
137 2271 289 2338 consulum,
310 2272 390 2346 culpi
403 2273 535 2330 accidere.
577 2272 664 2349 Cujus
676 2271 716 2330 rei
729 2271 880 2347 praemium
894 2271 933 2327 sit
946 2271 974 2326 in
986 2267 1043 2326 civi·

115 2357 123 2383 ⁴
138 2361 203 2417 tate,
224 2369 283 2405 earu
298 2351 424 2407 maximis
441 2371 550 2428 semper
568 2351 694 2409 auctibus
707 2369 848 2408 crescere:
868 2349 909 2407 sic
922 2367 990 2426 pecc
1002 2349 1042 2404 ho·

114 2433 123 2476 ,⁶
137 2447 195 2492 nos,
207 2427 249 2485 sic
262 2428 333 2484 bello
346 2429 413 2485 fieri.
441 2429 598 2486 Maximum
608 2431 715 2488 Romae
723 2429 874 2506 praemium
884 2429 1041 2488 seditionum

115 2515 122 2542 ‘
135 2527 212 2564 esse:
233 2507 262 2564 id
272 2507 422 2582 etsingulis
432 2509 618 2584 universisque
631 2529 740 2586 semper
749 2508 846 2566 honori
858 2509 954 2566 fuisso.
992 2507 1040 2566 Re·

112 2594 120 2620 ‘
134 2586 350 2654 miniscerentur‚
364 2605 445 2661 quam
460 2587 631 2664 majestatem
644 2587 756 2646 mnatirs
772 2587 826 2665 ipsi
839 2607 856 2644 e
867 2589 991 2664 patribus
1002 2603 1039 2643 ae·

110 2672 118 2702 ⁴
132 2665 279 2741 cepissent,
294 2685 375 2741 quam
390 2665 483 2724 liberis
493 2668 618 2724 tradituri
629 2680 729 2736 essem,
743 2681 784 2736 nt,
800 2665 1038 2743 (quemadmodum

110 2751 118 2779 ‘
132 2743 234 2822 plebs)
248 2745 357 2822 gloriari
370 2757 471 2823 posset,
485 2747 634 2806 auctiorem
646 2748 862 2826 amplioremque
875 2766 937 2804 essa
948 2749 965 2802 ¹.
1000 2742 1038 2800 li·

105 2891 205 2956 hearing
222 2894 262 2942 the
273 2909 338 2942 earne
350 2911 484 2958 cognomen.
523 2895 776 2960 intermarriagewith
794 2897 834 2943 the
847 2893 981 2949 Plebeians,
991 2890 1036 2936 raho

107 2959 154 3008 had
170 2962 256 3024 nujus
270 2966 417 3024 gentilitatis,
430 2962 520 3018 would,
534 2964 664 3027 according
679 2976 704 3012 to
721 2966 761 3012 the
777 2977 861 3012 reason
874 2962 903 3009 of
917 2962 956 3008 the
969 2958 1036 3007 Patri·

106 3027 179 3088 ciuns,
196 3030 271 3076 throw
281 3031 346 3077 these
364 3031 440 3093 rights
456 3031 507 3078 into
524 3042 588 3079 utter
604 3031 739 3081 confusion.
807 3032 813 3060 ¹
833 3032 869 3079 As
880 3029 927 3078 this
937 3035 1035 3074 sentence

106 3097 300 3154 scanderentur
311 3107 376 3145 must
387 3101 415 3146 he
433 3097 579 3147 understood
597 3115 622 3147 as
638 3102 679 3149 tire
696 3098 842 3148 nominative
853 3108 879 3144 to
890 3104 982 3158 posset;
998 3107 1034 3139 nor

105 3179 149 3211 can
162 3179 198 3211 we
209 3164 282 3224 adopt
292 3166 333 3212 the
344 3165 484 3229 suggestion
497 3167 526 3214 of
542 3168 630 3222 Stroth,
647 3169 699 3215 that
710 3177 739 3218 ut
754 3168 775 3214 is
786 3165 845 3214 used
857 3165 896 3212 for
907 3179 983 3228 quam,
994 3157 1033 3207 and
1085 3203 1086 3228 ,

105 3231 212 3296 significa
220 3249 293 3296 quom
304 3235 375 3280 non!
396 3235 449 3282 The
457 3243 570 3282 sentence
577 3234 697 3299 evidently
706 3249 796 3293 means,
810 3234 862 3282 The
870 3241 951 3279 senate
959 3224 1034 3276 should

105 3299 305 3355 rememher,-in
315 3299 385 3348 order
396 3302 446 3348 duat
458 3301 478 3350 it
485 3301 563 3364 might
573 3305 603 3350 be
614 3302 668 3352 able
679 3313 704 3350 to
712 3304 786 3350 boast.
825 3305 947 3363 Amongst
957 3299 1033 3348 theta·

104 3366 170 3415 ricus
185 3367 296 3429 opinions
307 3381 338 3413 on
357 3367 396 3415 the
407 3383 513 3432 passage,
527 3370 566 3415 the
577 3371 629 3416 best
640 3385 715 3416 seems
727 3379 752 3417 to
763 3373 793 3418 be
804 3369 856 3417 that
866 3368 943 3415 which
954 3377 1034 3412 motu·

105 3427 190 3482 merids
205 3436 224 3483 it
241 3444 266 3482 to
283 3437 313 3482 be
328 3435 464 3498 expunged.
486 3445 488 3450 '
503 3437 556 3484 The
573 3437 707 3499 reasouing,
719 3453 746 3485 es
759 3439 839 3486 Bauer
856 3433 971 3490 remarks,
981 3431 1035 3478 from

107 3497 187 3562 ζἰᾐιο,
200 3505 244 3552 διο.
258 3511 283 3550 to
298 3505 369 3559 Quas,
381 3503 425 3550 &c
440 3503 495 3549 isin
509 3505 548 3551 the
560 3504 621 3566 form
633 3503 662 3551 of
670 3520 685 3551 a
696 3505 786 3565 perfect
796 3503 939 3570 epilogum,
957 3503 997 3551 hut
1005 3497 1031 3544 in

106 3569 247 3644 connection
260 3570 280 3618 is
291 3569 375 3632 totally
386 3569 510 3634 destroyed
522 3571 610 3634 bytinia
622 3580 740 3622 sentence.
