2232 3862
454 263 576 324 LIBER
598 265 621 324 l.

357 512 719 591 PRAEFATIO.

1 741 2 822 ᾗ
56 727 290 804 Fncruuusurc
302 763 405 822 operae
418 746 536 824 pretium
550 745 610 814 sim,
631 745 654 802 si
672 763 689 803 a
706 743 854 822 primordio
868 747 942 804 urbis
961 767 1004 806 res

58 826 151 900 populi
168 823 296 882 Romani
314 825 525 901 perscripserim,
546 841 597 882 nec
615 825 681 884 sutis
695 825 771 890 ocior
790 843 849 893 nec,
870 827 893 882 si
909 827 1003 892 scium,

58 904 148 962 dicere
163 906 275 972 ausim;
292 905 395 982 quippe
409 905 464 979 qui,
478 915 704 980 quumvetersm,
719 917 778 962 tum
789 905 926 982 vulgatam
941 925 1001 964 esse

61 1002 124 1053 rem,
140 985 263 1050 videam,
284 985 351 1040 dnm
366 985 430 1041 novi
443 1001 551 1059 semper
562 983 716 1059 scriptores,
737 996 785 1040 aut
803 984 832 1040 in
851 986 931 1042 rebus
945 1003 1003 1043 cer·

61 1063 114 1118 tius
125 1063 236 1138 aliquid
248 1063 378 1123 allaturos
391 1083 429 1132 se,
448 1074 496 1119 aut
509 1062 643 1119 scribendi
656 1074 714 1119 arto
728 1064 823 1120 rudem
838 1075 1002 1122 vetustatem

63 1156 249 1217 superaturos,
266 1141 390 1199 credunt.
431 1141 580 1216 Utcunque
593 1139 654 1207 erit,
670 1141 778 1216 juvebit
791 1153 893 1208 tamen,
911 1161 1001 1200 rerum

64 1233 200 1295 gestarum
216 1222 366 1279 memoriae
379 1221 509 1299 principis
522 1232 655 1277 tenerum
669 1220 764 1296 populi
777 1237 828 1297 pro
840 1219 909 1277 virili
926 1235 1003 1297 parte

63 1311 91 1355 et
104 1300 196 1376 ipsum
212 1301 402 1368 consuluisso3
419 1313 455 1366 et,
476 1300 499 1355 si
519 1299 550 1356 in*
567 1299 643 1356 unte
662 1299 825 1376 scriptorum
846 1301 929 1356 turbi-
942 1321 1004 1360 mea

64 1380 131 1436 faura
148 1379 178 1435 in
198 1381 318 1437 obscuro
336 1380 380 1446 sit,
401 1379 542 1441 nobilitate
560 1397 592 1436 ac
610 1378 798 1454 magnitudine
816 1397 920 1449 corum,
940 1399 1003 1438 meo

63 1459 109 1531 qui
120 1457 229 1515 numiui
243 1459 373 1524 effidem,
387 1477 432 1515 me
445 1457 578 1515 consoler.
620 1457 678 1515 Res
691 1471 734 1514 est
747 1470 895 1533 praeterea,
909 1473 939 1516 et
952 1461 1003 1516 im·

64 1538 147 1594 mensi
161 1539 263 1613 operis,
278 1550 310 1594 ut
323 1555 393 1612 quae
407 1557 489 1614 snpra
501 1535 773 1613 septingentesimum
783 1557 885 1594 annum
895 1551 1002 1615 repeta-

64 1629 115 1683 tur,
132 1629 161 1674 et
178 1635 260 1691 quas,
281 1617 317 1674 ab
335 1617 441 1692 exiguis
454 1618 575 1693 profecte
593 1613 685 1683 initiis,
706 1615 882 1684 secreverit,
901 1631 933 1675 ut
940 1618 998 1696 jem

64 1696 250 1770 magnitudine
261 1697 366 1753 laboret
376 1698 441 1756 sutis
455 1709 483 1753 st
493 1693 642 1771 legentium
653 1695 798 1772 plerisque,
809 1694 882 1754 baud
894 1697 1000 1764 dubito,

64 1774 128 1846 quin
140 1776 245 1850 primae
259 1776 377 1849 origines
388 1775 565 1850 proximaque
579 1774 728 1849 originibus
741 1775 832 1832 minus
845 1777 1000 1851 praebituro

66 1853 210 1928 voluptatis
223 1855 287 1922 sint,
302 1854 490 1911 festinantibus
505 1855 540 1910 ad
551 1852 618 1910 baec
628 1872 707 1921 nova,
718 1854 817 1928 quibus
823 1853 881 1930 jam
892 1856 998 1931 pridem

67 1933 241 2007 praevalentis
253 1933 349 2010 populi
362 1933 432 1990 vires
445 1951 475 1990 se
487 1932 564 2008 ipsae
574 1931 732 1988 conficiunt.
760 1931 823 2008 Ego
839 1933 934 1990 contris
946 1933 999 1991 boo

67 2011 169 2085 quique
182 2012 283 2068 laboris
293 2011 445 2088 praemium
455 2023 557 2086 petam,
571 2022 604 2066 ut
614 2029 658 2066 me
669 2023 845 2086 aconspectu
855 2013 999 2078 malorum,

66 2109 131 2164 quae
139 2103 231 2148 nostra
239 2103 340 2167 totper
349 2109 433 2148 annos
443 2089 512 2146 vidit
521 2101 606 2155 actos,
616 2088 756 2164 tantisper,
768 2089 919 2146 cenenum
930 2091 999 2165 pris·

65 2189 97 2226 ca
109 2167 154 2226 illa
164 2169 223 2227 toti
237 2182 330 2227 mente
344 2179 447 2246 repeto,
461 2179 591 2234 avertem,
604 2166 693 2224 omnis
707 2185 804 2242 expers
817 2187 907 2236 curae,
929 2189 999 2244 quae

65 2249 201 2306 scribentis
214 2250 347 2317 animum,
366 2249 418 2306 etsi
430 2269 486 2308 non
499 2247 609 2311 flectere
622 2265 639 2303 a
652 2265 725 2313 vero,
742 2245 888 2304 sollicitum
905 2259 998 2306 tamen

67 2328 168 2386 efficere
177 2330 273 2405 possit.
294 2330 373 2394 Quae
383 2341 447 2386 ante
457 2327 594 2386 conditum
605 2325 810 2384 condendamve
817 2329 923 2395 urbem,
933 2336 998 2406 poe·

67 2407 122 2464 sicis
135 2410 221 2483 magis
235 2408 335 2467 decora
346 2407 452 2475 fabulis,
470 2406 552 2482 quim
570 2404 734 2481 incorruptis
752 2425 844 2462 rerum
858 2419 996 2482 gesturum

67 2489 254 2555 monumentis,
266 2488 419 2556 traduntur,
434 2506 467 2544 ea
477 2485 679 2552 uecuffirmare,
692 2503 744 2542 nec
753 2485 884 2553 refellere,
898 2487 926 2543 in
940 2489 996 2543 ani·

68 2585 109 2622 mo
122 2580 170 2626 est.
212 2568 304 2624 Datur
317 2567 385 2625 baec
398 2567 477 2624 venie
489 2563 655 2639 antiquitati,
670 2575 710 2629 ut,
726 2563 866 2622 miscendo
879 2564 999 2623 bumana

68 2645 167 2715 divinis,
187 2647 335 2728 primordia
351 2645 460 2703 urbium
478 2645 636 2720 augustiora
647 2643 738 2701 faciat.
778 2642 824 2711 Et,
844 2645 867 2700 si
885 2645 930 2702 cni
948 2665 997 2721 po·

68 2725 128 2796 pulo
139 2727 221 2788 licere
235 2738 343 2803 oportet
360 2743 519 2784 consecrare
537 2723 655 2798 origines
673 2741 745 2789 suas,
766 2733 794 2778 et
812 2723 847 2779 ud
861 2723 939 2781 Deos
955 2743 998 2781 re·

68 2803 131 2862 ferre
143 2821 276 2874 auctores,
297 2825 331 2864 es
347 2805 412 2863 belli
430 2803 515 2880 gloria
528 2815 570 2860 est
582 2801 684 2879 populo
699 2801 834 2868 Romano,
852 2814 892 2871 ut,
912 2823 998 2880 quum

70 2901 141 2940 suum
155 2886 358 2960 conditorisque
375 2885 418 2940 sui
437 2895 578 2959 parentam
597 2881 720 2938 Martem
734 2880 906 2955 potissimum
920 2885 998 2950 leret,

71 2973 155 3023 temet
166 2967 218 3024 boc
228 2978 325 3042 gentes
335 2961 469 3020 humanae
479 2962 618 3039 pmiautur
631 2977 719 3035 aequo
733 2959 833 3026 auimo,
848 2961 930 3036 qubm
946 2963 999 3019 im·

71 3043 164 3113 perium
178 3045 329 3122 potiuntur.
352 3043 416 3114 ised
430 3042 498 3100 baec
512 3053 540 3098 et
553 3039 595 3097 bis
606 3039 714 3106 similia,
724 3049 865 3113 utcunque
875 3041 998 3098 animad-

71 3137 139 3180 verso
150 3138 197 3182 aut
209 3125 365 3182 existimata
383 3133 471 3188 erunt,
492 3118 565 3178 haud
585 3120 613 3176 in
634 3137 733 3194 magno
751 3119 879 3192 equidem
897 3139 997 3196 ponam

71 3198 224 3262 discrimine.
253 3204 301 3260 Ad
314 3203 360 3263 illa
373 3200 440 3257 mibi
453 3219 504 3276 pro
517 3199 676 3274 aequisque
690 3196 789 3254 acriter
801 3197 926 3258 intendat
940 3201 998 3257 aui·

72 3296 146 3350 mum,
158 3303 229 3358 quas
240 3284 303 3350 vita,
317 3281 365 3357 qui
380 3277 599 3344 meminerint:
615 3297 664 3354 per
674 3295 743 3352 quus
753 3275 834 3345 viros,
844 3279 998 3355 quibusque

72 3357 258 3446 artibus,ldomi
270 3361 450 3434 militiaeque,
463 3371 491 3416 et
504 3369 611 3434 partum
625 3369 654 3412 st
666 3367 779 3413 auctum
793 3357 937 3430 imperium
952 3358 995 3412 sit.

73 3433 185 3498 Lubente
199 3441 298 3498 deinde
317 3439 456 3514 paullatim
475 3435 626 3511 disciplina,
645 3435 720 3490 velut
738 3435 894 3490 desidentes
907 3433 996 3506 primo

72 3531 152 3574 mores
164 3531 294 3594 sequatur
305 3519 414 3583 animm
434 3515 533 3572 deinde
546 3525 579 3570 ut
591 3511 678 3587 magis
692 3511 832 3585 magisque
847 3511 913 3582 lapsi
926 3509 997 3571 sint;

73 3603 124 3650 tum
138 3597 174 3655 ire
187 3597 328 3674 coeperint
337 3595 518 3674 praecipites;
533 3593 622 3725 qenes
636 3591 670 3646 ad
680 3589 749 3646 haec
758 3601 890 3661 tempore,
901 3585 999 3658 quibus

499 3690 521 3729 n
