2230 3846
117 230 173 288 loa
506 223 541 282 Τ.
562 224 663 284 LlVll

113 386 227 446 veniret.
267 383 385 442 Hernici
405 393 436 441 et
456 381 551 440 Latini
566 381 637 459 jussi
658 381 759 440 milites
779 382 845 440 dara
866 400 902 440 ex
924 383 1075 442 foedere:

114 467 242 540 duaeque
260 462 371 540 partes¹
393 462 530 520 sociorum
552 462 581 518 iu
603 463 735 527 exercitu,
759 461 840 518 tertia
862 461 966 521 civium
993 463 1071 520 fuit.

115 545 266 620 Postquam
280 544 315 600 ed
328 543 402 599 diem
415 541 607 619 praestitutum
622 552 757 599 venerunt
768 540 845 609 socii,
865 543 962 599 consul
977 553 1073 600 extra

113 636 219 700 portam
236 623 375 698 Capenam
397 633 486 680 castra
500 621 581 678 locat.
621 620 699 689 Inde,
713 621 830 678 lustrato
842 621 977 690 exercitu,
994 621 1069 678 An·

112 704 182 760 tium
199 703 346 780 profectus,
367 698 440 757 haud
455 700 550 776 procul
563 701 665 775 oppido
678 700 838 775 stativisque
850 697 975 757 hostium
990 719 1070 756 con·

111 783 193 838 sedit.
233 781 291 840 Ubi
305 799 389 855 quom
402 779 505 845 Volsci,
527 779 612 854 ‘quia
625 779 747 836 nondum
761 779 795 836 ab
811 779 918 852 Aequis
930 779 1069 838 venisset

115 869 122 899 ⁶
136 859 291 928 exercitus,’
305 859 435 916 dimicare
448 877 502 915 non
516 859 584 926 ausi,
598 858 829 932 quemadmodum
842 859 929 933 quieti
943 859 1023 916 vallo
1032 879 1069 916 se

112 951 275 1006 tutarentur,
295 950 438 1014 pararent3
464 950 574 1014 postero
595 937 640 994 die
667 936 776 1002 Fabios,
803 955 859 994 non
884 939 1066 1014 permixtam

111 1039 194 1077 anam
207 1019 345 1076 sociorum
358 1017 523 1092 civiumque,
537 1017 586 1074 sed
600 1017 683 1074 trium
697 1017 861 1093 populorum
874 1029 930 1074 tres
941 1037 1065 1092 separa·

108 1099 159 1155 tim
179 1099 252 1156 acies
268 1097 341 1155 circa
353 1096 454 1152 vallum
474 1095 595 1154 hostium
614 1095 752 1152 instruxit.
791 1094 855 1170 Ipse
868 1107 927 1152 erat
941 1097 1066 1154 nedius

109 1196 173 1234 oum
193 1177 347 1252 legionibus
368 1175 510 1232 Romania.
549 1175 619 1232 Inde
633 1175 740 1249 rignum
755 1173 899 1232 observare
909 1174 1009 1252 jussit,
1025 1189 1063 1233 ut

108 1257 210 1332 pariter
223 1267 252 1314 et
265 1255 332 1312 socii
346 1274 404 1310 rem
417 1253 577 1330 inciperent,
591 1255 778 1328 referrentque
791 1253 899 1330 pedem,
913 1255 937 1310 si
952 1274 1062 1330 recep-

108 1336 150 1391 tui
159 1335 312 1392 cecinisset.
349 1333 465 1408 Equites
478 1334 545 1390 item
558 1352 624 1390 sune
640 1332 740 1408 cuique
753 1334 824 1409 parti
836 1344 900 1408 post
912 1334 1063 1410 principia

108 1415 223 1470 collocat
232 1414 253 1469 ².
286 1413 331 1469 lta
338 1411 468 1470 trifariam
477 1413 589 1470 adortus
600 1426 696 1479 castra,
706 1411 900 1478 circumvenit;
913 1424 951 1478 et,
961 1432 1060 1489 quum

106 1494 228 1567 undique
241 1491 363 1558 instaret,
384 1509 442 1548 non
456 1491 621 1550 sustinentes
635 1489 769 1566 impetum
784 1489 900 1548 Volscos
912 1491 986 1550 vallo
1002 1493 1060 1550 de·

105 1573 208 1628 turbat.
248 1571 445 1646 Transgressus
458 1570 522 1628 inde
536 1569 712 1636 munitiones,
724 1569 850 1646 pavidam
864 1569 985 1638 turbam,
1010 1571 1060 1628 iu-

106 1651 290 1725 clinatamque
305 1649 334 1706 in
353 1661 459 1726 partem
482 1669 574 1716 unam,
595 1649 691 1706 castris
708 1649 830 1725 expellit.
869 1649 940 1708 Inde
958 1649 1061 1708 effuse

104 1730 241 1805 fugientes
254 1747 349 1804 eques,
363 1727 409 1786 cui
422 1747 549 1804 superare
563 1729 663 1785 vallum
677 1726 750 1784 haud
764 1727 842 1787 facile
852 1729 950 1798 luerat,
959 1749 1055 1804 quum

104 1809 140 1865 ad
154 1809 182 1864 id
196 1819 333 1884 spectator
343 1827 452 1884 pugnae
460 1807 620 1873 adstitisset,
628 1807 715 1864 libero
724 1808 957 1884 campoadeptus,
967 1821 1057 1884 purte

105 1887 236 1945 victoriae
254 1886 352 1948 fruitur
370 1887 479 1944 territos
499 1885 662 1950 caedendo.¹
688 1885 795 1960 Magna
812 1899 842 1944 et
859 1887 888 1944 in
905 1887 1008 1944 castris
1021 1901 1055 1948 et

103 1977 181 2024 extra
201 1966 371 2024 munimenta
388 1965 486 2024 caedes
505 1965 669 2040 fugientium
681 1965 752 2022 fuit:
772 1966 821 2022 sed
834 1966 1053 2044 praedamajor,

103 2046 167 2121 quia
180 2045 227 2102 vix
245 2065 321 2102 arma
338 2064 432 2102 secum
451 2043 548 2102 efferre
562 2043 649 2100 hostis
662 2043 769 2119 potuit;
789 2044 951 2120 deletusque
965 2065 1050 2103 exer·

102 2126 173 2182 citus
186 2127 265 2192 foret,
279 2125 309 2180 ni
321 2124 457 2198 fugientes
470 2123 554 2180 silvae
565 2122 707 2180 texissent.

142 2203 254 2261 Xlllll.
278 2203 355 2260 Dum
371 2203 407 2259 ad
420 2201 539 2258 Antium
557 2199 625 2260 haec
644 2197 786 2276 geruntur,
805 2201 915 2258 interim
938 2203 1048 2278 Aequi,

102 2284 200 2340 robore
215 2281 371 2358 juventutis
393 2281 551 2355 praemisso,
573 2299 664 2338 arcem
687 2280 872 2338 Tusculanam
893 2279 1050 2358 improviso

101 2375 184 2418 nocte
205 2361 335 2436 capiunt;
355 2359 462 2434 reliquo
479 2359 603 2418 exercitu
616 2358 689 2416 haud
702 2359 798 2435 procul
812 2360 956 2418 moenibus
971 2361 1049 2419 Tus·

102 2439 157 2496 culi
171 2439 326 2505 considunt,
341 2451 373 2493 ut
386 2439 573 2496 distenderent
588 2437 708 2496 hostium
727 2437 828 2514 copias.
869 2438 951 2497 Haec
971 2441 1047 2498 celo·

100 2519 167 2576 riter
181 2519 310 2586 Romam,
323 2517 358 2574 ab
373 2517 465 2574 Roma
476 2517 601 2575 incastra
610 2517 727 2574 Antium
736 2518 849 2592 perlata,
859 2531 973 2576 movent
982 2519 1047 2578 Ro-

101 2609 197 2656 manos
213 2596 285 2654 haud
305 2615 393 2663 secus,
408 2597 527 2670 quamsi
543 2597 709 2672 Capitolium
723 2610 835 2672 captum
848 2598 1044 2665 poprietatem

99 2673 170 2734 adeo
182 2687 211 2734 et
223 2695 318 2734 recens
331 2686 390 2732 erat
404 2675 622 2734 Tusculanorum
637 2675 775 2744 meritum,
786 2688 814 2747 et
822 2675 974 2734 similitudo
982 2677 1044 2752 ipsa

99 2755 214 2832 periculi
224 2775 368 2831 reposcere
378 2755 472 2811 datum
481 2754 613 2811 auxilium
621 2755 772 2812 videbatur.
812 2753 923 2822 Fabius,
932 2755 1042 2814 omissis

102 2836 238 2902 omnibus,
257 2835 385 2910 praedam
405 2853 441 2890 ex
459 2834 554 2890 castris
568 2833 668 2908 raptim
683 2834 800 2890 Antium
819 2833 957 2892 convehit.
997 2834 1040 2891 lbi

101 2915 211 2972 modico
231 2913 367 2990 praesidio
390 2913 495 2979 relicto,
522 2913 635 2970 citatum
658 2931 757 2985 agmen
779 2913 932 2970 Tusculum
960 2913 1039 2988 rapit.

102 2992 180 3050 Nihil
200 3005 308 3069 praeter
323 3011 406 3058 arma,
427 3005 455 3048 et
470 2992 545 3066 quod
563 2991 634 3048 cocti
652 2991 686 3047 ad
701 3010 811 3048 manum
825 2992 878 3048 fuit
891 2991 955 3058 cibi,
969 2992 1038 3049 ferre
1113 2995 1114 2998 ’

99 3073 181 3129 militi
201 3073 286 3130 licuit.
328 3069 521 3128 Commeatum
541 3071 575 3126 ab
596 3069 688 3126 Romi
705 3071 800 3127 consul
815 3071 962 3129 Cornelios
974 3071 1037 3126 sub·

99 3149 185 3209 vehit.
227 3151 344 3226 Aliquot
364 3167 471 3206 menses
492 3149 606 3206 Tusculi
626 3148 765 3205 bellatum.
806 3150 888 3206 Parte
902 3149 1037 3207 exercitis
1113 3205 1114 3220 ,

132 3297 238 3358 'Scep
257 3295 309 3352 115,
322 3292 413 3342 noted.
488 3291 677 3358 'Equiteadrc
713 3295 822 3344 Collocat
837 3293 894 3342 item
906 3295 1034 3355 postprin-

95 3365 157 3426 cipia
173 3365 265 3428 equites
281 3363 343 3424 part-i
360 3376 417 3408 suae
433 3360 526 3423 cuique.
564 3362 606 3409 He
624 3363 723 3410 staticus
739 3362 789 3410 also
805 3361 894 3409 behind
911 3363 952 3408 tho
966 3362 1029 3410 from

94 3433 173 3490 ranke,
187 3433 227 3479 the
239 3430 332 3490 cavalry
344 3429 382 3475 for
393 3429 432 3474 the
443 3437 543 3488 support
554 3429 584 3475 of
590 3429 699 3490 division,
711 3430 787 3476 which
799 3431 856 3476 each
867 3443 923 3475 man
933 3443 982 3476 vvas
992 3430 1027 3475 in·
1113 3481 1114 3484 Ἴ

93 3499 197 3546 structed
215 3509 239 3546 to
256 3495 341 3558 regard
359 3509 384 3542 as
400 3495 511 3558 assigned
527 3505 552 3542 to
564 3495 666 3546 himself.
705 3497 841 3545 Gronovius
851 3496 920 3544 reads
930 3513 980 3554 aaa,
992 3511 1027 3547 rc·

1 3591 2 3604 2
94 3565 182 3629 ferring
194 3575 219 3612 to
226 3567 361 3630 principum
384 3561 521 3621 Sabellicus,
533 3579 652 3648 picemque.
