2262 3858
68 419 137 475 gere.
178 397 214 454 L.
236 396 374 458 Lucretio
391 399 496 457 consuli
519 417 552 456 ea
574 399 714 476 provincia
734 395 834 454 evenit.
874 396 911 465 Is,
935 415 1000 455 cum

68 478 188 536 exercitu
209 477 356 552 profectus,
376 479 435 536 acie
455 477 547 535 hostes
569 480 650 544 vicit:
671 480 812 550 victorque
827 477 944 534 Romam
962 479 998 534 od

68 557 153 633 majus
173 557 314 630 aliquanto
330 569 469 615 certarnen
489 557 578 614 rediit.
619 559 689 616 Dies
710 555 784 612 dicta
803 568 861 613 erat
881 557 997 614 tribunis

9 654 13 715 p
68 637 150 712 plebis
171 636 275 692 biennii
291 637 438 712 superioris
453 637 490 692 A.
505 637 629 714 Virginio
649 651 677 694 et
695 637 730 700 Q.
745 634 918 710 Pomponio,¹
929 657 998 712 quos

66 717 173 774 delendi
190 715 304 772 Petrum
319 735 454 772 consensu
467 717 502 772 ad
516 716 597 774 fidem
612 716 723 774 senatus
737 715 898 788 pertinebat.
940 715 996 772 Ne-

67 815 116 870 que
129 795 206 852 enim
221 813 269 850 eos
282 796 410 853 nutritae
424 795 479 850 ullo
493 796 606 853 crimine
619 797 672 853 alio
685 807 733 852 aut
743 793 812 868 gesti
824 795 1006 868 magistralis

101 875 106 886 .
589 882 596 909 ι
773 873 778 884 .
976 875 982 887 ,

7 923 9 976 ³
68 873 1004 1027 llll'zt'sslltllli.titillet...t2lltl‘lltlllll:.

7 1097 8 1104 ἶ
65 1031 125 1088 tiam
145 1031 260 1088 senatbs
280 1032 367 1108 plebis
387 1034 444 1098 ira;
464 1044 492 1088 et
510 1034 629 1106 pessimo
649 1032 776 1108 exemplo
796 1031 900 1086 innoxii
921 1033 998 1088 denis

7 1177 8 1190 χ
65 1112 182 1168 millibus
197 1111 288 1185 gravis
302 1111 390 1168 aeris¹
411 1111 586 1168 condemnati
606 1125 678 1170 sunt.
718 1111 751 1168 ld
765 1129 845 1185 aegre
859 1111 931 1184 passi
946 1111 998 1167 Pa·

6 1191 8 1250 l
65 1203 125 1247 tres.
168 1189 304 1248 Camillus
318 1189 406 1266 palam
420 1191 528 1247 sceleris
542 1191 649 1265 plebem
663 1209 795 1264 arguere:
817 1196 825 1222 ‘
845 1209 923 1264 quae,
939 1188 998 1264 jam

66 1270 111 1324 ‘in
125 1288 193 1324 suos
208 1288 294 1334 verso,
316 1289 369 1325 nnn
384 1270 555 1345 intelligeret,
577 1291 606 1326 se
623 1289 706 1345 pravo
714 1269 821 1345 judicio
835 1270 870 1324 de
884 1269 999 1325 tribunis

6 1393 8 1404 2
65 1348 309 1406 ‘intercessionem
322 1349 481 1414 sustulisse;
495 1349 687 1405 intercessione
697 1349 811 1412 sublata,
823 1347 997 1405 tribuniciam

6 1487 7 1490 ,
64 1434 252 1503 ‘potestatem
265 1427 404 1483 evertisse.
440 1427 519 1492 Nam,
535 1429 607 1501 qubrl
623 1429 660 1484 illi
676 1440 823 1503 sperarent,
838 1427 998 1485 effrenatam

65 1507 224 1564 ‘licentiam
240 1505 300 1583 ejus
314 1505 489 1582 magistrantis
504 1507 598 1564 Patres
612 1507 723 1574 laturos,
738 1508 793 1565 falli
807 1525 863 1563 eos.
905 1507 935 1564 Si
950 1508 997 1564 tri·

65 1587 195 1644 ‘bunicia
209 1585 251 1642 vis
268 1586 414 1643 tribunicio
433 1585 534 1642 auxilio
554 1587 651 1662 repelli
671 1598 796 1662 nequeat,
817 1587 892 1644 aliud
912 1588 1004 1643 telum

65 1665 181 1722 ‘Patres
204 1665 363 1722 inventuros
383 1664 459 1722 esse!
501 1665 689 1741 Consulesque
709 1666 875 1741 increpabat,
899 1667 999 1741 ‘quod

65 1745 137 1802 ‘lide
152 1744 266 1820 publica
279 1745 369 1820 decipi
382 1745 506 1801 tribunos
519 1765 566 1801 eos
581 1747 656 1802 taciti
672 1745 806 1811 tulissent,
827 1745 875 1819 qui
889 1746 999 1802 senatis

65 1823 278 1881 ‘auctoritatem
293 1823 380 1880 secuti
394 1823 501 1880 essent)
542 1823 623 1882 Haec
639 1825 778 1900 propalam
797 1825 998 1899 concionabun-

64 1903 112 1959 dns
126 1904 155 1958 in
171 1903 233 1958 (lies
248 1903 334 1977 magis
347 1904 465 1977 augebat
478 1903 531 1958 iras
545 1901 696 1958 hominnm.

100 1981 198 2038 XXX.
231 1981 362 2038 Senatum
378 1983 442 2038 verb
462 1981 576 2038 incitare
596 1983 725 2038 adversus
740 1981 850 2056 legem2
864 1980 938 2038 haud
952 1982 999 2038 de·
1081 2003 1085 2011 ·

64 2061 195 2118 sistebat:
216 2067 273 2117 ‘ne
293 2061 372 2117 aliter
394 2061 591 2118 descenderent
611 2061 639 2116 in
660 2062 758 2124 forum,
776 2079 861 2134 quum
882 2061 940 2116 dies
961 2062 998 2116 fa·

64 2141 187 2198 ‘rendae
209 2139 277 2214 legis
297 2140 425 2207 venisset,
445 2138 526 2215 quim
547 2140 641 2214 utqui
662 2139 858 2205 meminissent,
877 2139 929 2195 eibi
948 2158 998 2214 pro

64 2221 135 2276 ‘aris
148 2219 274 2293 focisque
288 2232 317 2276 et
330 2219 424 2276 Delum
446 2219 554 2295 templis
575 2237 607 2276 ac
626 2219 693 2282 solo,
715 2220 742 2274 in
760 2238 815 2293 quo
828 2218 884 2274 nati
898 2230 998 2284 essent,

63 2300 274 2356 “dimicandum
288 2300 355 2356 fore.
398 2298 470 2356 Nam
484 2300 557 2373 quod
578 2299 613 2366 ad
633 2317 663 2354 se
683 2297 810 2373 privatim
831 2298 953 2364 attineat,
975 2299 999 2354 si

63 2385 149 2436 ‘suae
171 2378 274 2453 gloriae
288 2377 340 2434 sibi
360 2379 431 2434 inter
444 2378 647 2438 dimicationem
662 2378 766 2453 patriae
787 2378 942 2434 meminisse
960 2378 1000 2434 vsit

62 2459 130 2524 ‘saa
155 2457 210 2514 sibi
232 2457 350 2532 amplum
376 2459 485 2532 qubque
508 2477 576 2524 esne,
600 2459 695 2514 urbem
716 2458 751 2514 ab
771 2477 801 2513 re
821 2471 927 2531 captam
948 2457 1001 2513 fre·

62 2537 220 2612 ‘quentari‚
241 2537 365 2611 quotidie
383 2557 413 2593 se
433 2538 485 2592 lrui
505 2549 682 2594 monumento
702 2537 803 2612 gloriae
817 2555 891 2601 suae,
911 2548 939 2592 et
953 2555 1002 2592 ιιι]-Ι

62 2623 109 2673 ‘te
124 2616 221 2672 oculos
234 2614 334 2672 babere
348 2617 443 2672 urbem
464 2615 546 2672 latam
568 2618 596 2673 in
613 2615 752 2692 triumpho
771 2613 850 2682 suo³,
875 2615 1000 2672 insistere

60 2702 68 2728 ⁴
82 2715 181 2751 omnes
195 2693 316 2769 vestigiis
331 2695 442 2750 laudum
456 2715 575 2752 suarum.
617 2695 672 2752 Sed
687 2695 762 2751 nolas
778 2695 887 2758 ducere,
909 2696 1000 2751 deser-

62 2782 139 2832 ‘tam
155 2791 188 2830 ac
202 2773 324 2830 relictam
342 2773 377 2829 ab
393 2773 456 2829 Diis
475 2775 674 2831 immortalibus
694 2774 777 2830 incoli
797 2775 909 2840 urbem;
930 2788 958 2830 et
972 2775 999 2830 in

60 2860 67 2886 ⁴
82 2855 195 2929 captivo
209 2851 269 2908 solo
283 2851 405 2908 habitare
418 2854 551 2928 populum
565 2853 731 2920 Romanum,
746 2865 774 2910 et
789 2854 899 2910 victrice
913 2855 1001 2929 patrib

60 2933 186 2990 ‘victam
208 2931 308 2988 mutari
319 2929 350 2986 ⁴.'
391 2931 446 2988 His
466 2931 701 2990 adhortationibus
721 2933 851 3009 principis
872 2933 1001 2990 concitati

94 3045 100 3072 ¹
122 3045 199 3104 Scep.
213 3043 270 3099 269,
283 3051 339 3090 note
350 3043 370 3090 l.
447 3041 456 3068 ⁹
469 3045 521 3092 The
530 3044 574 3092 law
583 3047 621 3092 t'or
629 3045 774 3107 enrigrating
782 3053 807 3091 to
818 3045 879 3093 Veii.
934 3047 944 3074 ³
958 3045 1002 3093 Al-

60 3111 149 3174 luding
163 3122 189 3160 to
210 3111 250 3157 the
270 3112 373 3170 practice
393 3112 421 3159 ol
439 3113 557 3175 carrying,
577 3129 609 3162 on
627 3113 727 3160 wooden
745 3115 839 3167 frames,
857 3123 1004 3175 representa.

59 3181 124 3228 tione
135 3180 166 3226 ol'
179 3181 220 3226 the
236 3179 303 3226 cities
315 3179 386 3226 tehen
398 3182 430 3242 by
441 3182 482 3228 the
493 3181 643 3242 triumphing
654 3181 758 3242 general.
829 3182 838 3210 ⁴
855 3186 890 3230 Et
900 3186 1002 3238 uictrice,

58 3250 105 3296 dcc.
144 3247 201 3294 And
213 3263 228 3294 a
239 3247 385 3308 sanquished
397 3259 423 3296 to
435 3251 464 3296 be
476 3247 547 3294 taken
559 3249 584 3294 in
596 3249 783 3310 erchangel’ora
793 3249 920 3296 victorious
928 3265 1003 3296 coun-

60 3325 106 3376 try.
145 3315 198 3362 Tbe
216 3313 318 3376 original
336 3316 449 3378 meaning
460 3315 489 3362 of
504 3325 572 3362 muto
590 3317 701 3378 (monito)
719 3317 739 3363 is
750 3328 772 3365 to
783 3334 853 3370 mone,
866 3316 912 3362 and
925 3317 971 3362 this
982 3317 1002 3362 is

60 3383 90 3429 its
102 3383 168 3430 force
176 3386 200 3428 in
210 3383 249 3430 the
261 3381 319 3430 aoth
332 3384 449 3443 Chapter;
468 3387 661 3448 mutorifinilrus,
674 3393 698 3428 to
709 3399 778 3430 move
790 3383 888 3430 himself
896 3383 957 3428 from
968 3385 1004 3429 bis
1045 3397 1047 3403 ’

61 3451 128 3510 place
140 3450 170 3497 of
184 3449 314 3498 residence.
354 3451 449 3498 Motion
461 3450 555 3510 implies
566 3452 664 3513 change,
678 3452 753 3498 hence
770 3460 842 3502 mato,
862 3459 886 3494 to
903 3451 1004 3511 change.

62 3520 113 3566 The
126 3517 231 3580 original
243 3518 358 3579 meaning
369 3518 463 3579 implies
475 3535 489 3565 a
500 3517 592 3564 motion
604 3528 629 3563 to
641 3519 680 3564 the
691 3519 871 3579 objectsonght,
884 3515 931 3561 and
940 3517 1004 3562 from

60 3589 100 3635 the
117 3587 200 3650 object
215 3585 266 3632 left.
316 3587 403 3634 Hence
421 3596 494 3644 muln,
513 3585 570 3630 with
589 3585 629 3632 the
644 3585 776 3632 accusative
790 3583 819 3628 of
830 3585 871 3629 the
883 3582 960 3646 thing,
979 3593 1003 3630 to

508 3655 557 3709 aa
