2224 3862
419 217 543 286 arnna
562 216 614 278 ιι.
927 222 985 281 2⁷⁵
1095 195 1096 200 '

75 397 99 437 ar
112 374 214 436 senatis
231 376 358 437 consulto
378 375 469 437 dictus
489 377 525 442 Q.
541 374 671 437 Servilius
688 375 816 443 Priscum
835 373 885 442 vir,
905 379 984 456 cujus

72 456 248 532 providentiam
270 457 299 514 iu
318 455 466 532 republica,
482 475 572 532 quum
585 455 678 516 multis
696 456 755 516 aliia
775 458 985 531 tempestatibus

72 537 122 595 ante
132 547 241 611 experta
254 535 349 594 ciritae
363 546 429 604 erat,
443 547 502 594 tum
511 547 612 594 eventu
622 534 681 612 ejus
691 535 764 603 belli,
775 530 850 611 quod
863 536 912 593 uni
924 557 983 596 cer·

14 661 15 703 ,
71 626 145 672 tanen
158 615 328 674 tribunorum
343 626 501 690 suspectum
514 626 578 672 ante
591 633 649 672 rem
663 614 734 672 mali
752 625 858 689 gestam
876 615 984 684 memte

69 693 180 768 magistro
192 694 320 769 equiturn
334 706 434 760 creato,
449 712 533 768 aquo
547 693 605 768 ipse
619 693 728 752 tribuno
737 693 856 751 militnm
867 693 985 756 dictator

13 726 18 821 l
70 785 115 830 erat
126 772 222 842 dictus,
233 774 359 842 filiosuo,
368 784 400 830 ut
413 772 549 831 tradidere
563 771 682 846 quidam,
694 772 774 847 (nam
787 773 833 830 alii
847 771 983 834 ‘Ahalam

12 879 15 929 p
69 849 390 928 ‘Serviliummagistrum
402 852 525 926 equitum
536 871 570 908 eo
578 870 649 908 anno
658 850 750 908 inisse'
760 852 903 925 scribunt)
912 873 985 912 nouo

11 958 15 1045 p
67 930 172 1066 erqalroim
185 932 329 1066 profectulq
341 931 379 1066 lqd
392 930 503 1066 bellium,
523 929 618 1021 accitis
633 931 681 1004 qui
695 929 809 1068 {asculi
822 941 908 998 erant,
928 933 984 992 duo

11 1064 12 1074 ,
67 1027 96 1064 mr
113 1028 137 1066 ra
166 1029 311 1068 ussuuma
360 1022 421 1068 oste
445 1029 525 1069 ocum
539 1022 634 1068 castras
647 1029 708 1068 cer

11 1075 12 1162 l
96 1029 211 1146 abin.
234 1089 391 1150 Transierat
404 1108 439 1146 ex
452 1108 481 1146 re
495 1087 565 1146 bene
579 1088 656 1162 gesti
666 1029 794 1163 siperbia
806 1088 986 1164 negligentia-

10 1171 12 1248 ι
67 1184 108 1238 que
127 1167 162 1226 ad
181 1171 311 1244 Aequos,
331 1187 401 1242 quae
418 1167 447 1224 in
468 1167 600 1227 Romanis
616 1168 731 1232 ducibus
750 1167 847 1226 luerat.
886 1167 985 1244 Itaque

67 1245 139 1319 primo
152 1248 246 1306 statim
268 1248 371 1323 proelio
390 1266 475 1320 quum
496 1245 613 1304 dictator
632 1246 757 1320 equitatu
773 1246 896 1304 immisso
909 1261 986 1306 ante·

11 1327 12 1376 ῗ
66 1323 176 1398 sigoanos
193 1325 316 1386 hostium
331 1325 477 1394 turbisset,
496 1325 635 1400 legionum
650 1325 713 1382 iude
726 1325 804 1400 signa
817 1325 909 1382 inferri
922 1345 986 1402 pro·

65 1405 118 1478 pert
131 1404 223 1480 jussit,
245 1405 458 1480 signiferumque
471 1423 506 1462 ex
519 1404 576 1462 suis
590 1423 675 1462 unum
688 1416 863 1462 cunctantem
875 1405 986 1464 cendit.

67 1479 158 1541 Tantus
170 1485 255 1544 ardor
266 1485 303 1542 sd
316 1484 500 1543 dimicandum
512 1483 573 1551 fuit,
586 1495 619 1542 ut
627 1483 761 1559 impeturn
773 1484 867 1558 Aequi
876 1504 932 1543 nou
942 1497 987 1543 tu·

66 1559 146 1622 larint:
167 1563 290 1639 victique
303 1564 361 1624 soie
375 1583 460 1639 quum
474 1563 539 1638 fugi
552 1561 640 1620 effusis
656 1565 789 1639 petissent
807 1575 904 1632 casua
925 1563 987 1623 bre·

67 1637 114 1697 rior
125 1653 250 1719 tempore
263 1654 292 1700 et
305 1643 452 1703 certamine
465 1642 554 1700 minor
567 1652 718 1700 castrorum
736 1643 905 1718 oppugnatio
923 1643 986 1712 fuit,

68 1717 134 1792 quim
147 1722 285 1797 proelium
298 1722 395 1780 luerat.
416 1721 511 1796 Captis
522 1721 689 1798 direptisque
698 1723 802 1789 castris,
813 1741 899 1798 quum
908 1742 987 1799 pras·

68 1797 117 1854 dam
130 1800 249 1863 dictator
261 1800 342 1858 militi
355 1800 541 1866 concessisset,
562 1801 705 1874 secutique
718 1801 868 1875 fugientem
879 1821 915 1858 ex
928 1821 987 1860 cus·

68 1877 106 1934 tris
117 1876 223 1938 hostem
238 1880 344 1956 equites
357 1879 571 1946 rennncidssent,
593 1886 600 1912 ‘
614 1897 710 1936 omnes
723 1878 877 1938 Lauicanos
890 1879 986 1948 victos,

68 1961 201 2032 ‘magnam
225 1971 332 2035 partem
353 1960 514 2033 Aequorum
536 1956 655 2014 Levium
674 1957 828 2032 confugisse
837 1957 852 2024 ς’
875 1971 987 2034 postero

68 2033 146 2094 dicad
159 2037 280 2096 Laviccs
293 2039 393 2095 ductus
406 2036 560 2094 exercitus:
581 2035 778 2112 oppidumque,
798 2037 901 2094 coronis
912 2035 920 2073 ¹
934 2037 987 2094 oir-

67 2116 223 2185 cnmdatum,
236 2116 433 2194 scaliscaptum
442 2135 475 2173 ao
485 2115 622 2192 direptum
632 2126 683 2172 eat.
713 2114 849 2182 Dictator,
864 2115 988 2174 exercitu

67 2192 155 2253 victore
169 2197 291 2255 Romam
304 2197 428 2264 reducto,
446 2195 492 2252 die
505 2207 611 2262 octavo,
630 2191 713 2268 quam
727 2205 834 2252 creatus
848 2205 915 2262 arat,
929 2214 988 2254 mu·

66 2272 167 2346 gistratu
180 2295 213 2332 se
226 2275 378 2342 abdicavit3
397 2286 426 2332 et
445 2275 598 2350 opportune
617 2284 737 2341 senatus,
757 2273 831 2349 priris
849 2271 932 2350 quim
952 2273 988 2332 ah
1100 2297 1101 2306 ¹

67 2352 169 2412 nibunie
191 2353 267 2431 plebi
290 2354 410 2430 agrariae
431 2351 588 2420 seditiones,
612 2352 751 2410 mentione
770 2351 846 2410 illati
866 2353 902 2410 de
921 2372 988 2430 agro

67 2427 194 2496 Lauicano
214 2433 371 2500 dividendo,
394 2433 500 2500 fierent,
522 2431 629 2490 censuit
648 2432 777 2506 frequens
787 2431 808 2501 ²,
827 2441 835 2467 ‘
852 2432 988 2490 coloniam

68 2507 198 2570 ‘Laricos
211 2510 417 2570 deducendum!
459 2511 558 2569 Coloni
571 2512 604 2568 ab
618 2512 685 2568 urbe
705 2511 779 2568 mille
799 2523 828 2568 et
846 2512 988 2588 quingenti

154 2592 232 2650 missi
246 2591 310 2648 bina
318 2591 416 2668 jugera
429 2602 602 2668 acceperunt.
643 2589 739 2666 Captis
753 2589 873 2658 Lavinis,
893 2609 926 2650 ao
939 2591 988 2648 da-

68 2657 117 2763 }‘33
153 2671 219 2730 inde
233 2671 348 2728 tribunis
363 2670 477 2728 militnm
487 2668 622 2728 consulari
631 2680 776 2744 potestate,
787 2669 915 2746 Agrippi
924 2668 989 2728 Me·

154 2749 238 2808 uenio
251 2747 367 2817 Lanato,
385 2761 414 2806 et
434 2747 468 2806 L.
483 2749 598 2807 Servilio
619 2747 742 2816 Structo,
761 2758 790 2804 et
810 2747 843 2805 P.
856 2747 989 2826 Lucretio

157 2829 331 2905 Tricipitino,
346 2829 445 2886 iterum
460 2828 586 2886 omnibus
600 2825 651 2893 hia,
665 2839 694 2884 et
703 2827 751 2902 Sp.
761 2826 868 2884 Rutilio
879 2826 989 2898 Cmsso,

67 2894 119 3000 ἓὲζ
157 2919 186 2967 et
199 2908 360 2982 insequente
373 2927 444 2964 anno
458 2907 496 2965 A.
512 2905 674 2981 Sempronio
686 2905 816 2963 Atratino
830 2907 950 2974 tertihm,
961 2919 990 2966 et

110 2985 115 3000 '
157 2988 266 3046 dnobus
285 2989 385 3044 iterum
400 2985 442 3043 M.
458 2985 567 3063 Papirio
587 2984 752 3062 Mugillano,
773 2997 802 3043 et
823 2983 870 3062 Sp.
886 2985 990 3044 Nautio

68 3060 154 3124 Rutilo
162 3065 185 3134 ³,
198 3067 339 3124 biennium
352 3066 511 3142 tranquillae
520 3077 648 3124 externae
661 3083 714 3133 res,
725 3063 945 3125 discordiadomi
954 3085 990 3124 ex

67 3145 168 3218 qam
181 3145 362 3224 legibussuit.

96 3290 102 3319 ¹
119 3297 215 3354 Corona,
227 3310 241 3342 a
253 3293 316 3342 close
327 3292 398 3341 circle
409 3293 439 3342 of
446 3291 551 3340 soldiers.
589 3291 621 3338 So
634 3289 705 3345 ovid,

227 3360 362 3411 Consedere
372 3361 454 3418 duces,
466 3370 490 3408 et
501 3359 569 3422 vulgi
579 3367 657 3406 stante
667 3373 762 3406 corona.

68 3423 76 3452 ¹
90 3430 332 3493 Smutursrequaot.t
343 3443 447 3492 quorum
458 3427 487 3474 of
494 3428 535 3474 tha
545 3434 634 3474 serrata.
671 3463 672 3468 ,
701 3425 710 3452 ¹
729 3422 842 3485 Sigonius
852 3421 909 3469 here
918 3423 991 3484 again

68 3491 142 3544 intarta
158 3513 173 3544 a
183 3495 265 3546 l'onrtb
276 3495 379 3558 military
390 3496 493 3547 tribune,
508 3493 541 3550 Q.
552 3492 640 3540 Fabius
653 3490 797 3544 Vibulanus,
807 3488 845 3534 ior
855 3489 896 3536 tlte
906 3503 992 3540 maon
1100 3515 1101 3556 3

67 3560 153 3626 almady
164 3564 247 3610 shown
263 3572 289 3611 to
305 3565 335 3611 be
352 3560 500 3625 groundless,
517 3559 565 3607 aod
579 3560 678 3606 another
688 3557 717 3603 ol
729 3563 821 3618 greater
832 3553 927 3615 weigbt,
939 3556 991 3606 thu

67 3626 122 3694 Livy
132 3629 269 3680 afterwards
280 3631 325 3694 (C.
336 3629 393 3691 to.)
404 3627 522 3676 mendene
533 3625 583 3674 him
594 3641 620 3674 aa
629 3623 734 3685 military
745 3622 848 3676 tribune,
860 3625 954 3672 deum.
