2232 3862
8 2 142 117 Μ

500 223 534 282 Τ.
554 224 658 283 LlVII

105 383 287 450 saturandum,
302 378 357 458 qui,
372 376 479 440 silentio
492 384 573 452 facto,
588 383 708 440 monitus
721 403 738 441 u
750 381 890 459 proximis,
910 386 963 439 ‘ut
979 399 1053 456 pur·

107 472 204 538 ‘geret
224 483 262 530 se,
280 463 354 538 quod
374 463 402 519 id
421 465 552 538 temporis
571 461 706 530 venisset‚’
726 459 977 536 ‘disceptatorem’
999 460 1057 526 uis,

107 548 158 598 tvse
170 555 313 618 sumptum
322 542 393 600 inter
402 556 509 618 petrem
520 555 548 599 et
558 543 662 599 filium:
679 542 745 598 cutis
755 539 947 602 reconciliandi
957 557 1008 598 eos
1021 538 1056 598 in
1103 577 1104 586 κ

105 627 114 656 ⁸
127 622 241 694 gratiam
256 636 392 680 moretum
402 639 477 678 esse:
495 634 531 688 et,
546 622 610 696 quis
619 641 653 678 ea
661 641 705 676 res
715 619 862 678 exemisset
871 619 951 677 illum
960 617 1056 682 diem,

106 707 115 736 ‘
127 713 239 778 postero
251 701 298 760 die
310 713 444 768 acturum,
459 719 529 774 quse
539 699 741 761 constituisset!
770 708 777 736 ‘
793 697 838 754 Ne
847 698 875 756 id
886 697 1001 772 quidem
1011 695 1055 756 uh

106 786 115 814 ⁴
130 777 225 836 Turno
238 779 332 835 tulisse
346 778 469 837 tacitum'
487 781 586 840 ferunt.
627 779 777 836 ‘Dixisse
794 776 884 842 euim:
906 785 914 810 ‘
930 773 1056 835 Nullum

105 858 278 914 ‘breviorem
300 877 360 915 esse
376 859 570 934 cognitionem,
587 857 668 933 quim
689 858 760 915 inter
779 853 1052 932 perferrentium,

105 938 275 1012 ‘paucisque
289 938 399 1012 transigi
415 935 503 994 serbis
516 957 613 1013 porus:
634 939 663 997 ui
676 948 770 1014 pereat
788 935 867 1012 patri,
885 932 1056 994 habiturum

106 1015 306 1072 ‘infortunium
321 1015 398 1073 esse!

143 1093 193 1150 LI.
214 1095 295 1152 Haec
312 1095 440 1152 Aricinus
454 1095 482 1152 in
496 1115 588 1170 regem
605 1095 762 1152 Romanum
776 1093 919 1168 increpans
932 1112 967 1148 ex
978 1109 1052 1152 eon·

102 1173 166 1230 cilio
180 1173 256 1230 abiit.
288 1170 378 1237 Quem
392 1193 450 1230 rem
463 1174 627 1249 Tarquinius
636 1174 785 1249 eliquanto,
796 1169 878 1246 quint
889 1171 1049 1237 ridebatur,

102 1253 209 1326 aegrius
223 1253 320 1319 ferens,
338 1253 485 1310 confestim
501 1254 598 1310 Turno
609 1272 705 1310 necem
719 1250 904 1316 muchinatum
925 1261 957 1309 nt
975 1269 1051 1310 sun·

102 1332 165 1386 dem
180 1344 320 1398 terrorem,
342 1349 398 1405 quo
411 1332 512 1388 civium
526 1332 632 1388 animes
645 1332 720 1390 domi
733 1339 912 1408 oppresserat,
935 1328 1051 1388 Latinis

100 1409 231 1486 injiceret.
274 1409 311 1470 Et
324 1410 389 1485 quie
401 1430 452 1486 pro
471 1411 586 1486 imperio
605 1410 696 1486 palitn
715 1410 831 1469 interfici
849 1419 1046 1484 conpeteret,

101 1489 193 1545 oblato
212 1489 281 1545 falso
300 1491 413 1546 crimine
433 1489 571 1546 insontem
584 1489 727 1566 oppressit.
769 1488 822 1545 Per
838 1489 968 1546 udrersoe
987 1487 1049 1547 ste·

100 1567 183 1624 tionis
201 1568 333 1644 quosdam
350 1567 478 1625 Aricinos
496 1589 604 1625 serrum
619 1568 706 1625 Turni
726 1587 793 1624 suro
810 1565 940 1642 corrupit,
960 1575 996 1625 ut.
1013 1565 1048 1624 iu

101 1647 286 1704 deversorium
301 1646 361 1722 ejus
376 1647 431 1704 vim
446 1655 572 1722 maguam
581 1648 734 1722 gladiorum
744 1647 836 1702 inferri
846 1645 915 1704 elim
930 1645 1047 1706 nutet

102 1723 145 1781 Ea
158 1745 242 1804 quum
257 1725 312 1782 unit
325 1738 406 1783 nocto
419 1727 540 1808 perfecta
557 1739 657 1792 essent,
673 1725 846 1800 Tarquinius,
866 1723 960 1799 perilli)
977 1736 1052 1784 autc

100 1803 191 1861 lucem
206 1804 299 1862 accitis
310 1805 344 1861 nd
359 1823 388 1862 se
401 1805 570 1882 principibus
581 1805 753 1870 Latinorum,
763 1805 841 1880 qussi
854 1824 884 1862 ro
896 1803 967 1861 norit
979 1821 1046 1878 per-

99 1885 233 1950 turbatus,
257 1891 381 1944 ‘morem
402 1904 479 1942 suem
500 1883 663 1950 basternam,
682 1883 759 1941 velut
776 1883 902 1943 Doeutm
921 1881 1048 1957 quidam

100 1957 294 2038 ‘providentii
308 1963 426 2030 illatam‚’
445 1964 493 2030 sit,
515 1971 522 2000 ‘
536 1964 617 2020 saluti
631 1963 682 2020 sibi
696 1975 777 2038 atque
792 1962 845 2019 iliis
858 1961 951 2018 fuisse.
992 1961 1047 2020 Ab

100 2041 218 2098 ‘Turno
232 2043 286 2101 dici
300 2042 351 2098 sibi
369 2055 398 2100 et
417 2043 582 2118 primoribus
601 2043 763 2118 populorum
782 2041 871 2117 peruri
883 2059 990 2104 uocem,
1009 2051 1049 2098 ut·

100 2126 109 2154 ‘
122 2119 285 2180 Latinorum
294 2122 369 2178 eolus
378 2121 521 2197 imperium
533 2135 634 2184 tenent.
662 2123 867 2196 Aggressurum
880 2119 964 2178 fuism
978 2117 1044 2178 hes·

101 2206 202 2256 ‘terno
216 2202 260 2257 die
274 2201 302 2262 in
315 2201 458 2258 conciliet
475 2201 596 2258 Dilatum
610 2221 668 2257 rem
678 2220 751 2266 esse,
769 2201 843 2274 quid
857 2211 955 2258 auctor
973 2216 1043 2260 con·

100 2286 108 2313 ⁸
122 2279 176 2334 ciiii
190 2280 315 2344 abfuerit,
330 2298 412 2354 quens
426 2280 545 2338 maxime
559 2291 673 2354 peteret
700 2280 771 2337 luris
780 2279 852 2342 iiiam
864 2276 985 2337 abacistis
998 2276 1043 2332 in-

99 2359 299 2414 ‘sectationem
320 2378 380 2414 osse
400 2372 501 2424 nutam,
525 2359 600 2432 qued
620 2359 751 2416 morando
771 2378 849 2434 spem
873 2356 1042 2416 destituerit.

100 2442 108 2470 ‘
124 2435 188 2492 Nou
202 2437 335 2501 dubitare,
349 2436 373 2492 si
387 2457 450 2494 vera
463 2439 628 2503 deterantur,
647 2439 712 2512 quin
726 2437 815 2514 primi
827 2438 897 2504 luco,
912 2435 959 2495 ubi
974 2453 1042 2494 ren·

100 2522 107 2550 ‘
121 2527 181 2571 turn
195 2516 224 2571 in
237 2516 381 2572 concilium
393 2516 437 2582 sit,
452 2517 601 2584 instructus
612 2537 676 2576 cum
686 2517 889 2594 conjuratorum
900 2533 984 2574 manu
998 2533 1043 2570 ur·

99 2602 112 2628 ⁸
122 2608 267 2668 mutusque
279 2607 409 2655 venturus
423 2596 467 2652 sit.
494 2595 569 2661 Dici,
580 2596 731 2670 gladiorum
743 2597 881 2671 ingentem
892 2611 1042 2654 numerent

100 2680 182 2730 ‘esse
202 2675 236 2730 sd
257 2693 320 2730 eum
345 2689 517 2732 convectum.
558 2675 591 2732 Id
610 2695 707 2732 venum
729 2695 816 2735 neone
833 2674 877 2740 sit,
897 2672 1042 2748 extemplo

100 2759 107 2787 ‘
122 2753 184 2809 seiri
198 2773 286 2828 posse.
315 2753 424 2829 Rogare
438 2773 494 2820 eos,
509 2766 540 2810 ut
551 2755 614 2811 inde
624 2774 717 2811 secum
729 2755 764 2811 ed
773 2754 899 2810 Turnum
910 2749 1042 2812 venians*

100 2830 261 2908 Suspectam
276 2833 341 2889 fecit
354 2853 411 2889 rem
426 2846 455 2890 et
468 2833 608 2908 ingenium
624 2833 711 2890 Turni
728 2834 814 2899 ferox,
833 2845 862 2890 et
874 2831 963 2890 oratio
976 2829 1039 2889 hos·

98 2924 184 2978 terna,
209 2924 238 2968 et
258 2931 334 2974 mors
356 2912 519 2987 Tarquinii3
540 2913 614 2986 quiid
635 2913 778 2970 ridebatur
797 2912 833 2968 ob
852 2931 913 2968 eum
935 2908 1041 2969 differri

98 2991 340 3067 caedes-potuisse.
382 2991 458 3048 Eunt
476 2991 611 3048 inclinatis
624 2991 735 3066 quidem
749 2992 784 3050 cd
797 2990 965 3048 credendum
980 2988 1039 3050 sni·

97 3070 157 3136 mis,
173 3082 273 3136 temen,
289 3070 339 3125 nisi
353 3070 451 3145 gladiis
465 3069 650 3146 deprehensis,
664 3083 756 3130 cetere
766 3089 835 3127 vaus
844 3065 1040 3128 existimaturi.

98 3148 155 3206 Ubi
169 3162 212 3206 est
225 3151 258 3206 eo
273 3162 394 3215 ventum,
410 3149 534 3206 Turnum
554 3169 589 3206 ex
607 3169 703 3206 somno
717 3150 867 3206 excitatum
881 3145 1037 3205 circumsis-

96 3239 158 3284 tunt
172 3229 316 3284 custodes:
337 3227 595 3304 comprehensisque
608 3228 701 3296 sorris,
722 3228 770 3304 qui
784 3227 898 3286 curitutc
912 3223 1037 3284 domini¹

130 3355 369 3404 'Tutisse-dicitru
396 3353 657 3418 Tarquiniumtulisse.
684 3353 901 3410 Turnnmdixisse.
969 3349 1037 3408 'cu-

95 3425 163 3471 ritcte
174 3425 270 3470 dorrtini.
311 3421 429 3468 Actuated
447 3426 477 3482 by
489 3422 598 3472 affection
607 3424 653 3482 sor
665 3422 724 3471 their
737 3433 831 3471 master.
871 3424 964 3474 Caritas
982 3437 1037 3482 pes.

95 3489 150 3535 sire
189 3489 271 3536 Inthe
284 3487 343 3536 emh
357 3489 460 3550 Chapter
476 3494 572 3540 caruere
588 3491 681 3546 ciuium.
701 3490 740 3540 the
755 3489 865 3542 effectius
883 3493 915 3556 ef
925 3491 962 3544 his
979 3491 1036 3536 sub·

93 3555 162 3618 jects.
201 3561 292 3606 Caritas
303 3555 386 3603 active.
