2230 3846
120 223 158 280 88
312 267 314 274 ,
512 215 546 278 Τ.
562 216 662 278 LIVII

111 400 195 455 quum
207 390 274 448 erat,
286 378 414 437 reddidit.
444 379 551 453 Agrum
562 378 716 454 Vejentem,
728 379 837 436 loedere
847 380 882 436 ad
893 377 1066 438 Janiculurn

111 461 167 517 icto
181 460 341 535 ademptum
352 457 369 526 ¹,
385 458 512 515 restituit.
552 458 726 532 Tarquinius,
740 478 789 535 spe
803 459 878 514 omni
892 458 1002 516 reditirs
1018 458 1074 518 in-.

111 539 176 605 cisti,
188 539 342 596 exsulatum
353 538 388 594 ad
398 557 530 613 generum
546 537 702 594 Mamilium
716 537 884 595 Octavium²
900 537 1068 595 Tusculum

112 617 188 675 abiit.
230 617 364 674 Romanis
378 637 431 692 pax
445 617 500 674 fida
511 617 550 674 ita
563 636 625 674 cum
643 618 764 674 Porsena
776 617 838 673 fuit.

253 695 333 753 XVI.
355 696 491 753 Consules
513 695 556 752 Μ.
580 695 714 761 Valerius,
742 697 773 753 P.
797 695 966 752 Postumius.
1017 694 1069 751 Eo

211 793 282 832 anno
293 777 363 832 berra
374 789 524 850 pugnatum
536 795 599 832 cum
612 774 728 832 Sabinis.
758 775 891 833 Consules
902 772 1068 850 triumphis-

213 867 285 912 runt.
314 853 423 932 Majore
437 854 501 911 inde
517 855 589 910 mole
605 853 699 912 Sabini
712 854 813 910 bellurn
826 855 964 929 parabant.
995 853 1068 909 Ad·

111 953 206 991 versus
216 953 274 1000 eos,
289 945 317 991 et
331 953 366 990 ne
380 933 446 1008 quid
457 933 536 990 simul
548 935 582 990 ab
593 932 724 999 Tusculo,
737 933 835 1007 (unde,
847 934 898 989 etsi
910 951 964 988 non
976 951 1067 1007 aper·

111 1027 180 1080 tum,
195 1027 354 1088 suspectum
369 1026 460 1069 tamen
475 1013 576 1069 bellum
594 1012 678 1086 erat.)
692 1012 828 1087 repentini
842 1012 956 1088 periculi
971 1011 1067 1068 orire·

212 1106 265 1157 tur,
282 1093 313 1149 P.
325 1091 451 1148 Valerius
462 1092 598 1166 quartum,
613 1091 647 1147 T.
659 1091 806 1148 Lucretius
818 1091 916 1155 iterum
928 1090 1068 1146 con'sules

209 1171 284 1228 facti.
316 1171 431 1236 seditio,
446 1171 517 1228 inter
531 1170 595 1226 belli
609 1169 737 1245 pacisque
751 1185 877 1227 auctores
891 1183 951 1226 orta
965 1169 994 1224 in
1009 1168 1067 1226 Sa·

211 1251 291 1316 binir,
312 1251 481 1324 aliquantum
501 1251 565 1306 inde
580 1249 677 1306 virium
696 1249 835 1306 transtulit
853 1249 887 1304 ad
904 1249 1066 1305 Romanos.

112 1327 241 1402 Namque
257 1330 343 1385 Attus
358 1329 484 1395 Clausus,
506 1329 552 1386 cui
565 1341 661 1404 postea
675 1329 732 1404 Ap.
748 1327 866 1385 Claudio
880 1328 932 1384 fuit
949 1329 1065 1384 Rornae

112 1427 222 1472 nornen,
237 1408 298 1464 cirm
315 1407 389 1483 paris
403 1407 462 1484 ipse
480 1421 576 1464 auctor
589 1427 606 1464 a
618 1407 804 1464 turbatoribus
818 1406 902 1464 belli³
916 1425 1065 1482 premere·

111 1499 164 1552 tur,
180 1507 230 1543 uec
244 1506 292 1562 par
305 1487 417 1543 factioni
431 1498 511 1554 esset,
526 1486 561 1543 ab
578 1487 695 1562 Regillo,
710 1485 831 1560 magnis4
851 1485 993 1543 clientium
1010 1503 1064 1541 co-

111 1566 224 1621 mitatus
239 1585 330 1633 manu,
347 1566 464 1622 llomam
480 1567 632 1640 transfugit.
676 1565 729 1622 llis
743 1566 839 1623 civitas
854 1566 918 1622 data
933 1581 1064 1639 agerque

63 1643 64 1646 ’
111 1658 185 1700 trans
201 1645 348 1701 Anienem.
390 1645 478 1701 Vetus
493 1643 611 1701 Claudia
630 1645 725 1712 tribus,
746 1645 847 1701 additis
866 1657 962 1720 postea
975 1644 1062 1699 noris

111 1722 267 1791 tribulibus,
283 1725 330 1798 qui
344 1743 379 1780 ex
393 1743 427 1780 eo
441 1723 565 1780 venirent
578 1743 652 1798 agro,
667 1723 812 1800 appellata.
848 1723 967 1798 Appius,
982 1722 1063 1778 inter

112 1802 207 1860 Patres
222 1803 318 1870 lectus,
331 1801 404 1860 haud
418 1803 456 1859 ita
467 1799 554 1859 mutto
564 1799 627 1880 pirst
638 1803 665 1858 irr
676 1803 832 1879 principum
844 1803 1036 1876 dignationem
1047 1799 1059 1832 ⁵

110 1882 244 1957 pervenit.
279 1882 422 1949 Consules,
441 1883 540 1938 infesto
554 1882 677 1940 exercitu
691 1883 718 1938 in
732 1901 827 1955 agrum
844 1879 976 1939 Sabinum
991 1899 1061 1955 pro-

110 1961 183 2027 fecti,
198 1980 283 2036 quunr
298 1961 336 2018 ita
351 1962 510 2026 vastatione,
531 1962 594 2018 dein
609 1961 721 2037 proelio,
736 1961 896 2018 afflixissent
909 1979 977 2036 opes
991 1957 1061 2016 hos-

110 2039 189 2106 tium,
206 2054 236 2097 ut
250 2041 297 2096 diu
312 2039 377 2096 nihil
392 2041 456 2098 inde
470 2041 625 2098 rebellionis
639 2040 735 2097 timere
746 2052 866 2116 possent,
882 2036 1059 2114 triumphan·

111 2132 152 2176 tes
168 2120 286 2177 Romam
302 2121 450 2177 redierunt.
492 2121 524 2177 P.
540 2120 674 2184 Valerius,
692 2119 814 2176 omnium
830 2137 963 2175 consensu
1000 2118 1059 2173 rin·

211 2219 276 2273 ceps
290 2199 353 2255 belli
368 2200 497 2275 pacisque
511 2199 623 2266 artibus,
638 2217 710 2256 anno
724 2193 795 2274 pbst,
811 2197 937 2272 Agrippi
952 2137 1058 2253 Mpene·

110 2267 168 2370 ξ’ὃῗ
211 2277 266 2345 nio,
290 2279 320 2334 P.
337 2278 480 2337 Postumio
495 2277 671 2345 Consulibus,
693 2278 816 2338 moritur.
837 2277 923 2351 gloriis
936 2276 1055 2350 ingenti,

160 2355 167 2370 '
210 2356 297 2432 copiis
320 2357 497 2413 familiaribus
519 2353 589 2414 adei)
613 2357 729 2432 exiguis,
756 2367 788 2413 ut
811 2355 901 2412 funeri
923 2368 1057 2430 sumptus

110 2434 235 2500 deessem
252 2435 287 2491 de
300 2435 413 2510 publico
433 2449 475 2492 est
495 2437 591 2492 elatus.
632 2434 743 2492 Luxere
757 2448 906 2500 matronae,
927 2445 959 2490 ut
981 2433 1056 2490 Bru·

108 2526 168 2570 tum
177 2512 198 2569 ⁶.
227 2513 333 2570 Eodem
348 2533 420 2570 anuo
434 2515 504 2572 duae
518 2515 640 2572 coloniae
652 2515 776 2579 Latinae,
790 2513 916 2570 Pometia
929 2527 958 2570 et
970 2514 993 2570 C
996 2533 1055 2581 ora,

108 2593 144 2648 ad
161 2595 307 2650 Auruncos
321 2593 460 2650 deficiunt.
493 2594 565 2651 Cum
578 2595 718 2650 Auruncis
729 2593 829 2650 bellurn
844 2592 961 2649 initumr
978 2593 1055 2648 luro-

110 2690 164 2745 qtre
176 2671 280 2748 ingenti
294 2673 427 2739 exercitu,
441 2672 489 2747 qui
499 2694 529 2730 se
540 2671 757 2748 ingredientibus
767 2672 835 2728 fines
845 2672 1005 2728 consulibus
1015 2672 1056 2729 fe-

46 2815 51 2827 ’
109 2749 209 2811 rociter
222 2751 368 2820 obtulerat,
378 2771 460 2808 omne
472 2753 637 2809 Auruncum
650 2751 750 2808 bellum
765 2751 916 2807 Pometiam
928 2751 1055 2826 compul-

109 2849 172 2886 sum
185 2843 236 2888 est.
277 2830 338 2888 Nec
352 2831 439 2906 magis
452 2846 515 2907 post
529 2833 672 2908 proelium,
692 2829 773 2906 quarn
789 2829 817 2885 in
832 2829 945 2904 proelio,
962 2830 1054 2886 caedi-

110 2907 161 2966 brrs
175 2921 356 2986 temperatura
372 2923 422 2967 est.
464 2910 503 2968 Et
516 2911 589 2968 caesi
607 2911 745 2985 aliquanto
765 2909 856 2985 plures
869 2921 956 2972 erant,
971 2907 1056 2982 quirin

110 2987 200 3065 capti;
215 3003 244 3046 et
258 3003 352 3066 captos
366 2985 466 3064 passim
481 2991 696 3048 trucidaverunt.
731 2987 775 3045 Ne
789 2989 823 3044 ab
837 2986 980 3043 obsidibus
994 2987 1055 3062 qui-

111 3067 184 3133 dem,
198 3067 246 3143 qui
260 3069 376 3126 trecenti
390 3069 495 3144 accepti
509 3089 625 3126 numero
638 3079 724 3134 erant,
738 3067 806 3123 iram
821 3066 885 3123 belli
904 3065 993 3123 bostis
1005 3065 1056 3124 ab·

110 3147 214 3204 rtinuit.
256 3146 295 3205 Et
308 3147 361 3204 boc
374 3167 446 3205 anno
461 3149 568 3206 Romae
582 3147 781 3224 triumphatum
789 3143 811 3200 l.

111 767 134 801 u.
146 766 168 802 c.

112 820 170 870 249.

111 1162 134 1195 tt.
146 1163 167 1196 c.

111 1216 169 1265 250.

146 3290 217 3342 ¹see
232 3293 307 3354 Chap.
323 3293 360 3342 l3.
436 3292 507 3346 'See
520 3295 543 3342 Ι.
556 3293 595 3343 49.
668 3293 717 3340 Ἀ
730 3294 886 3341 turbatoribus
898 3293 958 3348 tetri,
972 3292 1002 3351 by
1014 3291 1054 3338 tbe
1107 3315 1108 3328 ι

112 3361 227 3423 agitatore
243 3361 272 3408 οι
287 3375 341 3408 war.
411 3361 420 3392 ⁴
439 3362 578 3424 According
595 3371 620 3408 to
637 3359 778 3422 Dionysius,
796 3359 864 3407 0000
880 3373 937 3406 men
955 3357 1011 3404 able
1029 3368 1054 3405 to

110 3431 167 3476 bear
178 3444 249 3476 arms·
332 3429 341 3458 ¹
357 3431 390 3478 In
403 3434 543 3494 principum
560 3433 726 3492 dignationem.
764 3426 801 3473 To
813 3442 827 3472 a
840 3425 900 3472 rank
912 3426 984 3488 cqual
998 3425 1054 3472 with

110 3497 161 3544 that
170 3497 199 3544 of
207 3497 247 3543 the
258 3494 355 3558 leading
367 3511 422 3543 men
434 3499 463 3544 of
471 3499 511 3545 the
521 3507 611 3544 senate.
678 3495 688 3526 ⁶
702 3496 745 3542 See
759 3494 834 3554 Chap.
850 3493 872 3542 7.
944 3493 953 3519 ²
967 3495 1000 3542 Et
1011 3497 1054 3542 boc

107 3580 179 3622 anno,
194 3563 221 3611 irr
237 3564 284 3612 this
300 3578 357 3626 year
373 3563 430 3624 also,
448 3567 487 3629 (as
500 3566 588 3613 wellas
599 3564 625 3611 in
635 3564 675 3611 tire
691 3571 739 3611 two
750 3561 839 3610 former
855 3559 947 3626 ysara)
965 3561 1051 3610 trium·
