2230 3846
122 220 177 277 142
506 219 540 277 Τ.
560 217 659 278 LIVII

117 376 242 444 Volscos,
257 377 387 452 Virginus
406 389 500 444 contre
514 378 627 452 Aequos
647 376 792 453 profectus.
832 375 876 433 Ibi
896 396 931 434 ex
944 375 1057 434 insidiis

117 473 203 532 prope
222 457 320 531 magnit
339 458 451 531 accepti
468 457 554 522 clade,
571 457 654 512 virtus
674 455 790 512 militum
810 473 876 522 rem,
893 456 1054 532 prolapsam

118 535 283 611 negligentiis
296 536 421 603 consulis,
435 535 563 592 restituit.
604 533 706 590 Melius
719 535 747 590 in
762 533 868 591 Volscis
882 534 1054 611 imperatum

118 626 169 670 est.
211 614 275 670 Fusi
296 615 383 690 primo
403 613 506 690 proelio
519 613 619 679 hostes,
634 613 752 687 fugique
766 613 792 668 in
806 614 902 675 urbem
918 614 1054 678 Antium,

118 704 151 747 nt
164 705 222 748 tum
237 712 280 750 res
293 705 378 761 erent,
389 693 620 768 opulentissimam
631 693 693 748 soti.
734 691 824 755 Quam
835 692 930 748 consul
941 711 1055 768 oppug-

118 788 183 826 nare
203 791 256 827 non
277 790 367 837 ansus,
384 771 533 836 Cononem,
554 771 628 828 aliud
645 771 785 846 oppidum,
804 789 976 846 nequaquem
992 783 1055 828 tarn

119 849 288 924 opulentum,
302 851 336 906 ab
345 849 505 907 Antiatibus
515 850 595 924 oepit.
636 849 713 905 Dum
727 850 818 923 Aequi
829 848 978 925 Volscique
990 849 1054 906 Ro·

118 945 213 986 menos
234 930 368 986 exercitus
388 941 490 996 tenent,
510 929 602 986 Sabini
616 929 751 1002 usquead
765 941 856 1003 portas
869 930 944 985 urbis
958 947 1053 1004 popu·

118 1005 206 1064 lantes
226 1009 370 1065 incessere.
410 1007 520 1064 Deinde
533 1007 585 1082 ipsi
599 1007 692 1082 paucis
705 1003 769 1082 post
782 1006 878 1064 diebus
891 1009 924 1064 ab
938 1007 1054 1064 dnobus

119 1087 292 1153 exercitibus,
313 1101 429 1160 utroque
448 1087 576 1161 perirem
591 1086 702 1142 consule
716 1085 839 1161 ingresso
852 1086 879 1142 in
893 1087 971 1153 fines,
986 1085 1055 1162 plns

118 1164 246 1231 cladium,
261 1167 342 1241 quim
357 1166 512 1232 intulerunt,
525 1176 697 1240 accepemnt.
854 1173 858 1184 “

156 1243 263 1301 LXIV.
284 1244 417 1302 Extremo
436 1263 507 1300 anno
519 1244 594 1318 pacis
612 1243 714 1318 aliquid
728 1242 801 1310 luit3
818 1242 876 1308 sed,
896 1253 928 1298 ut
941 1261 1055 1317 semper

117 1321 192 1389 aliis,
210 1322 331 1380 sollcitae
351 1323 498 1380 certamine
513 1323 624 1379 Petrum
645 1335 674 1378 et
693 1320 792 1397 plebis.
832 1321 904 1378 lrata
916 1321 995 1396 plebs
1010 1321 1054 1376 in·

217 1414 319 1458 teresse
333 1401 518 1458 consularibus
532 1401 649 1458 comitiis
659 1400 755 1457 noluit.
795 1399 850 1457 Per
860 1400 955 1456 Patres
967 1399 1054 1457 clien-

120 1458 181 1561 {gg
217 1493 314 1554 tesqua
329 1481 441 1537 Patrnm
462 1480 586 1537 consules
606 1477 698 1546 creati,
713 1479 748 1535 T.
761 1478 917 1544 Quinctius,
934 1479 971 1542 Q.
988 1477 1052 1536 Ser·

220 1558 308 1614 vilius.
350 1557 473 1616 Similem
487 1577 587 1614 annum
606 1558 689 1633 priori
709 1559 834 1614 eonsules
848 1555 956 1625 hahent,
978 1557 1063 1626 sedi„

120 1635 191 1692 tiosn
204 1635 289 1703 initia,
310 1637 381 1693 hello
394 1637 493 1694 deinde
507 1649 620 1693 externo
633 1637 776 1710 tranquilla
786 1635 804 1691 ¹.
845 1634 948 1703 Sabini,
964 1635 1052 1693 Crus-

120 1714 240 1771 tuminos
258 1735 368 1792 compos
388 1715 471 1772 citato
491 1715 598 1789 agmine
615 1713 783 1790 transgressi,
804 1733 888 1789 quum
909 1714 1009 1771 caedes
1024 1727 1054 1771 et

121 1792 249 1850 incendia
268 1794 368 1851 circum
391 1794 528 1850 Anienem
548 1794 651 1850 flumen
670 1794 806 1859 fecissent,
830 1811 846 1849 a
865 1789 944 1867 por'ti
963 1811 1052 1869 prope

122 1870 231 1928 collino
245 1874 439 1947 moenibusque
452 1871 533 1948 pulsi,
544 1873 669 1946 ingentes
679 1884 770 1928 tamen
782 1871 896 1946 praedas
906 1869 1052 1928 hominum

120 1969 305 2026 pecorumque
325 1971 414 2026 egere.
454 1951 532 2014 Quos
554 1950 684 2007 Servilius
704 1950 798 2007 consul
812 1949 911 2006 infesto
925 1951 1052 2008 exercitu

120 2029 267 2096 insecutus,
282 2031 372 2106 ipsum
386 2029 495 2105 quidem
509 2049 607 2103 agmen
621 2029 733 2104 adipisci
747 2027 840 2103 aequis
853 2027 919 2084 locis
933 2047 990 2084 non
1004 2049 1053 2105 po·

119 2107 190 2174 tuit;
210 2109 413 2184 populationem
433 2104 502 2164 adeo
516 2107 602 2164 effuse
616 2108 692 2172 lecit,
707 2118 738 2164 ut
752 2107 819 2162 nihil
833 2106 903 2164 bello
916 2107 1053 2164 intactum

118 2186 292 2261 relinqueret,
306 2187 504 2262 multiplicique
523 2186 603 2261 capot
622 2187 722 2262 praedi
740 2185 850 2242 rediret.
891 2185 928 2242 Et
941 2185 971 2242 in
986 2185 1054 2243 Vol·

119 2264 173 2320 acis
187 2266 340 2341 respublica
352 2266 461 2340 egregie
474 2277 559 2340 gesta,
573 2284 656 2339 quum
666 2265 752 2331 ducis,
761 2278 821 2320 turn
831 2264 947 2320 militnm
959 2267 1052 2341 operia

120 2341 243 2400 Primum
258 2363 346 2418 aequo
359 2363 457 2419 campo
470 2345 553 2418 signia
567 2343 671 2400 collatis
680 2355 840 2419 pugnatum,
849 2342 954 2417 ingenti
966 2345 1052 2402 caede

120 2421 256 2496 utrinque,
277 2422 394 2498 plurimo
420 2423 582 2497 sanguine¹.
624 2422 661 2478 Et
687 2422 814 2487 Bouiani,
841 2421 905 2496 quia
928 2423 1053 2499 pancitas

119 2499 220 2557 damno
233 2502 375 2558 sentiendo
385 2501 495 2576 propior
507 2514 573 2568 erat,
587 2500 700 2576 gradum
715 2500 887 2566 retulissent;
908 2501 937 2556 ni
951 2501 1053 2558 salubri

119 2580 262 2636 mendacio
282 2581 386 2647 consul,
408 2580 522 2654 ‘fugere
540 2579 632 2636 hostes
646 2581 680 2636 ab
693 2599 777 2636 cornu
791 2578 883 2636 altero'
898 2579 1050 2648 clamitans,

120 2658 284 2715 concitisset
303 2659 399 2716 eciem.
440 2657 550 2734 lmpetu
569 2659 651 2724 facto,
672 2657 737 2714 dnm
760 2678 790 2714 se
812 2670 910 2733 putant
933 2658 1050 2727 vincere,

121 2736 210 2794 vicero
220 2735 240 2792 ³.
282 2737 394 2804 Consul,
415 2750 540 2794 metuens
553 2757 588 2794 ue
602 2737 682 2793 nimis
696 2737 822 2793 instando
835 2750 981 2794 renovaret
994 2758 1050 2795 oer-

119 2825 220 2882 tamen,
235 2817 341 2891 signum
356 2817 478 2892 receptui
492 2817 576 2874 dedit.
611 2817 801 2884 Intercessere,
815 2817 895 2890 pauci
909 2817 980 2883 dies,
996 2817 1049 2874 vel·

119 2906 151 2950 ut
171 2895 260 2952 tacitis
280 2895 397 2952 induciis
417 2895 543 2969 utrinque
557 2895 648 2969 quiete
662 2896 787 2970 sumptis:
808 2913 856 2970 per
872 2914 942 2969 quos
956 2895 1051 2971 ingens
1099 2919 1100 2924 ¹

119 2973 160 3030 vis
174 2972 315 3031 hominum
329 2994 363 3032 ex
377 2973 503 3032 omnihus
515 2973 618 3031 Volscis
633 2975 794 3048 Aequisque
808 2975 916 3049 populis
927 2975 955 3030 in
964 2989 1052 3032 castro

118 3120 211 3169 timore.
250 3122 301 3169 'Ihe
320 3121 427 3168 Romans
443 3119 531 3182 having
547 3119 650 3166 suffered
668 3119 769 3181 nothing
785 3118 834 3166 else
851 3120 907 3167 than
925 3121 967 3168 the
984 3121 1054 3184 being

119 3189 262 3250 completely
280 3187 402 3236 scattered.
440 3189 492 3235 The
508 3187 653 3234 continental
671 3187 742 3233 mode
758 3186 787 3233 ol'
802 3185 962 3247 supplement,
981 3205 1054 3251 quum

118 3261 215 3319 egissem
227 3255 286 3302 nihil
298 3254 372 3312 aliud,
384 3269 464 3317 quam,
477 3255 519 3301 &c
674 3253 680 3282 ¹
702 3258 843 3317 Tranquillo
858 3263 947 3301 cannot
957 3255 1021 3302 refer
1031 3266 1054 3303 to

119 3327 198 3381 initio,
210 3324 287 3370 which
299 3335 339 3369 ure
350 3322 400 3369 said
418 3331 443 3370 to
459 3323 518 3368 have
530 3323 589 3368 been
600 3324 706 3370 seditiosa
717 3345 726 3378 ,-
742 3321 833 3368 resolve
850 3321 968 3370 therefore
986 3327 1053 3372 suun

120 3391 173 3439 into
184 3394 291 3441 ineuntin
303 3399 412 3450 tempora.
552 3390 562 3418 ²
578 3389 675 3450 Ingenti
685 3393 763 3445 coede,
782 3387 911 3450 according
922 3398 948 3436 to
962 3389 1055 3438 Grono-

120 3458 181 3513 vius,
195 3459 268 3506 refers
279 3467 304 3505 to
315 3457 356 3503 the
365 3455 425 3502 elain
435 3475 441 3513 ς
456 3459 558 3518 plurimo
569 3461 692 3518 snngnr'ne,
710 3465 735 3502 to
746 3456 786 3502 the
797 3455 924 3505 wounded.
996 3456 1006 3485 ¹
1023 3457 1057 3505 si-

122 3525 224 3589 nilsrly,
238 3523 326 3590 Virgil,
341 3524 452 3583 Possunt,
464 3523 521 3586 quia
532 3539 601 3586 posse
612 3522 728 3572 sidentur.
756 3527 818 3574 Aen.
831 3541 852 3575 r.
