2262 3858
462 209 585 274 LIBER
607 211 642 268 V.
965 208 1022 266 333

81 367 117 423 inv
126 387 213 424 vanos
226 368 450 442 tumultus-gens,
462 369 533 426 truci
542 381 624 428 cautu
634 369 850 445 clamoribusque
859 367 947 436 variis,
959 365 1020 424 hor·

80 449 171 504 rende
185 459 285 504 cuncto
297 448 500 522 compleverant
513 468 580 506 sono
591 449 609 504 ¹.
1054 461 1056 472 '

122 525 295 582 XXXVIII.
315 526 358 583 Ibi
373 527 474 584 tribuni
485 527 611 592 militum,
621 547 674 584 non
685 528 746 584 loco
757 527 850 584 eastris
858 528 922 584 ante
930 537 1018 602 capto,
1041 571 1043 576 ,

74 623 138 660 non
155 605 330 680 praemunito
343 606 423 674 vallo,
444 603 498 680 qub
512 619 639 682 receptus
659 618 738 674 esset,
760 625 814 662 non
829 606 954 662 Deorum
968 606 1019 662 sal·

78 696 150 751 tem,
164 685 188 740 si
202 703 257 741 non
271 683 422 753 bominum,
443 703 587 752 memores,
608 705 659 758 nec
678 686 826 762 auspicato,
847 705 898 742 nec
910 685 988 742 litato
999 683 1019 750 ²,

71 763 224 820 instruunt
241 764 328 820 aciem
343 765 488 824 deductam
503 765 530 820 in
545 784 656 832 cornua,
676 784 711 822 ne
724 764 913 821 circumveniri
927 763 1019 820 multi·

77 843 179 899 tudine
192 841 314 900 bostiam
328 856 447 918 possent.
490 843 550 901 Nec
563 856 654 902 temen
673 842 804 918 aequari³
824 843 927 900 frontes
941 855 1018 916 pote·

76 935 151 988 rant,
166 939 253 996 quum
268 923 442 980 extenuando
453 923 586 980 infirmam
601 937 630 980 et
640 923 686 980 vix
696 923 885 980 cohaerentem
900 921 1018 977 medinm

76 1001 169 1058 eciem
194 1000 334 1058 haberent.
375 1002 501 1058 Paullum
524 1015 582 1060 erat
599 1004 633 1058 ab
651 1002 748 1060 dextris
767 1001 834 1060 editi
854 1000 915 1066 leel,
936 1019 1017 1073 quem

76 1079 252 1136 subsidiariis
265 1081 362 1156 repleri
376 1081 494 1156 placuit;
515 1101 600 1156 eaque
621 1101 673 1147 res,
694 1093 725 1138 ut
740 1081 851 1144 ⁴initium
867 1079 973 1155 pavoris
986 1097 1018 1136 uc

75 1158 170 1233 fugae,
186 1159 226 1216 sic
240 1179 295 1216 una
308 1161 380 1216 sulus
393 1159 561 1234 fugientibus
574 1161 635 1216 fuit.
677 1160 747 1218 Nam
758 1160 892 1226 Brennus,
907 1157 1017 1232 regulus

77 1237 237 1304 Gallorum,
252 1239 281 1294 in
294 1239 432 1314 paucitate
446 1238 565 1296 bostium
583 1253 667 1298 artem
682 1240 801 1298 maxime
815 1239 922 1304 timens,
943 1248 1017 1294 ratus

75 1317 112 1372 ed
126 1318 156 1374 id
170 1329 283 1394 captum
298 1319 464 1394 superiorem
478 1319 579 1385 locum,
594 1330 633 1386 ut,
649 1319 695 1376 ubi
705 1319 777 1378 Galli
787 1337 850 1376 cum
860 1317 919 1375 acie
932 1317 1016 1390 legio·

75 1415 144 1454 num
157 1397 239 1454 recti
254 1398 343 1454 fronte
364 1399 607 1464 concucurrissent,
628 1397 748 1454 subsidia
761 1399 788 1454 in
802 1417 910 1456 eversos
930 1408 1015 1452 trans-

75 1495 228 1551 versosque
241 1477 374 1551 Impetum
396 1478 499 1543 darent,
520 1478 554 1533 ad
576 1476 751 1534 subsidiarios
768 1478 845 1551 signu
865 1475 1014 1534 convertit:

73 1555 97 1609 si
119 1575 169 1612 eos
190 1556 251 1612 loco
269 1556 426 1631 depulisset,
447 1556 520 1614 haud
534 1557 643 1624 dubius,
662 1557 768 1614 facilem
782 1556 810 1612 in
824 1573 911 1630 aequo
925 1552 1014 1629 campi

69 1643 184 1692 tentum
199 1635 338 1710 superanti
352 1634 522 1692 multitudini
536 1635 675 1693 victoriam
689 1638 755 1694 fore.
796 1631 877 1692 Adeo
891 1654 945 1690 nou
960 1633 1014 1688 for·

69 1725 143 1770 tuna
157 1715 250 1776 modb,
273 1715 322 1770 sed
336 1715 405 1772 ratio
419 1715 511 1780 etium,
532 1734 594 1772 cum
609 1715 729 1772 barbaris
746 1716 842 1782 stabat.
881 1713 914 1770 In
929 1713 1014 1778 alteru

73 1793 135 1850 acie
148 1791 215 1850 nibil
231 1793 319 1848 simile
334 1793 476 1858 Romanis,
491 1813 545 1850 non
559 1795 632 1869 apud
643 1795 737 1861 duces,
750 1813 804 1850 non
814 1793 888 1868 apud
902 1792 1010 1856 milites,

73 1885 142 1929 erat.
184 1873 274 1930 Pavor
286 1872 404 1946 fugaque
418 1883 598 1948 occupaverat
610 1873 724 1939 animos,
739 1884 767 1928 et
780 1884 856 1930 tanta
869 1870 1011 1926 hominum

68 1951 186 2018 obliuio,
201 1963 233 2008 ut
248 1951 333 2008 multo
347 1951 432 2027 major
446 1971 507 2026 pars
522 1951 614 2027 Vejos,
628 1953 656 2008 in
670 1951 788 2008 hostium
803 1951 906 2016 urbem,
925 1968 1024 2022 quum.

68 2029 186 2088 -Tiberis
199 2043 312 2097 arceret,
326 2030 407 2104 quam
422 2041 497 2086 recto
510 2030 606 2086 itinere
616 2030 734 2088 Romam
748 2030 782 2086 ad
793 2027 922 2104 conjuges
936 2047 968 2084 ac
978 2027 1009 2082 li·
1051 2033 1053 2044 '

73 2109 154 2166 beros
168 2110 303 2185 fugerent.
335 2111 485 2184 Parumper
498 2108 674 2166 subsidiarios
687 2120 792 2166 tutatus
806 2121 848 2164 est
861 2108 945 2163 locus.
975 2105 1009 2162 ln

72 2189 180 2264 reliquia
192 2190 252 2246 acie
265 2189 346 2246 slmul
360 2201 403 2246 est
417 2189 526 2254 clamer,
547 2189 677 2263 proximis
695 2189 729 2244 ab
744 2188 836 2250 lutere,
858 2185 960 2242 ultimis
973 2184 1008 2242 ab

67 2279 161 2344 tergo,
171 2269 291 2333 auditus,
302 2268 425 2342 ignotum
438 2266 542 2322 bostem
554 2267 628 2342 priris
638 2269 708 2341 pene
718 2265 798 2342 quem
811 2266 941 2331 viderent,
953 2283 1007 2320 non

71 2349 157 2405 modo
168 2367 223 2404 non
233 2346 246 2378 ⁴
259 2359 365 2404 tentato
375 2347 531 2412 certamine,
543 2348 591 2404 sed
600 2366 634 2402 ne
643 2347 759 2402 clamore
770 2346 880 2421 quidem
891 2343 1007 2409 reddito,

71 2425 338 2502 integriintactique
350 2427 486 2499 fugerunt.
519 2425 579 2484 Nec
588 2425 641 2482 ulla
651 2426 748 2482 caedes
758 2424 936 2500 pugnantium
947 2423 1007 2478 fuit.

68 2505 166 2581 -Terga
179 2525 258 2562 caesa
268 2519 376 2562 suomet
384 2505 505 2580 ipsorum
517 2505 663 2562 certamine
674 2506 701 2560 iu
712 2505 792 2562 turba
800 2501 1008 2578 impedientium

69 2585 165 2660 fugam
176 2583 197 2640 ⁵.
239 2585 319 2642 Circa
333 2584 419 2658 ripam
435 2584 550 2651 Tiberis,
571 2585 626 2659 qub
642 2583 723 2640 armis
743 2583 855 2659 abjectis
868 2594 956 2638 totum
971 2581 1006 2636 si-

68 2663 188 2721 nistrum
203 2683 289 2722 cornu
308 2664 421 2738 defugit,
440 2683 536 2736 magna
552 2677 655 2737 strages
672 2662 743 2720 facta
762 2675 821 2719 est:
842 2662 1006 2734 multosque,

68 2743 214 2819 imperitos
227 2742 310 2800 nandi
326 2755 374 2799 eut
387 2742 528 2806 invalidos,
542 2761 636 2816 graves
650 2741 741 2798 loricis
755 2742 866 2815 aliisque
880 2740 1006 2814 tegmini·

68 2823 121 2878 bus
134 2822 251 2880 hausere
264 2822 394 2896 gurgites.
437 2819 559 2886 Maxima
578 2835 668 2876 tamen
683 2839 744 2896 pars
764 2819 908 2876 incolumis
924 2819 1006 2893 Vejos

68 2903 207 2976 perfugit:
226 2903 301 2960 unde
314 2920 368 2956 non
381 2899 484 2957 modh6
505 2900 631 2974 praesidii
652 2900 806 2974 quicquam,
826 2899 875 2956 sed
889 2917 922 2956 ne
936 2917 1006 2954 nun·

68 2981 128 3038 cius
142 2981 254 3056 quidem
276 2980 367 3048 cledis,
389 2980 508 3036 Romam
530 2993 572 3038 est
591 2979 698 3036 missus.
740 2979 787 3035 Ab
801 2980 897 3036 dextro
911 2997 1004 3043 cornu,

102 3095 109 3122 ¹
132 3097 154 3141 A
167 3102 260 3142 cnstom
274 3101 417 3140 commento
429 3092 459 3138 all
472 3095 601 3140 herbernus
612 3093 722 3150 nunonem
740 3107 767 3138 so
778 3093 818 3138 the
832 3090 1003 3140 Germansand

64 3161 240 3218 Caledoniam,
248 3159 370 3208 described
381 3161 407 3208 in
417 3161 522 3220 Tacitus,
534 3163 572 3208 the
580 3161 649 3207 usual
660 3160 761 3220 practIce
771 3160 799 3206 of
808 3161 847 3206 the
861 3159 968 3206 Persicus
978 3160 1002 3205 in

70 3231 220 3290 Xenophon,
241 3230 282 3275 the
312 3227 398 3275 Indien
426 3231 580 3289 urar-whoop,
605 3227 650 3274 and
675 3229 714 3274 the
744 3227 870 3289 HIghland
895 3227 1000 3287 pihroch.

68 3297 78 3326 ²
95 3301 187 3354 Litore,
207 3306 232 3344 to
247 3295 351 3342 sacrifice
368 3296 403 3343 till
423 3298 462 3343 the
474 3296 566 3344 victims
584 3311 622 3342 ere
631 3295 708 3342 found
720 3295 873 3352 favourublc;
891 3297 1004 3343 exercitus

37 3419 40 3428 ,
68 3370 156 3419 litatus,
176 3379 205 3411 an
223 3379 291 3426 army
302 3364 428 3411 forwhorn
447 3365 486 3410 the
497 3363 589 3410 victims
606 3377 645 3410 are
659 3377 685 3409 so
702 3362 828 3410 sacrificed.
932 3361 942 3389 ⁸
959 3361 1003 3408 See

67 3449 91 3494 p.
104 3432 162 3489 216,
173 3441 229 3479 note
240 3433 263 3479 2.
331 3430 340 3458 ⁴
360 3431 402 3478 See
419 3447 441 3492 p,
458 3430 498 3487 46,
517 3441 572 3476 note
588 3429 606 3483 l,
622 3430 706 3476 Canon
720 3424 770 3477 11.'
826 3429 836 3457 ⁸
856 3431 938 3488 Terga,
956 3427 1001 3474 dre.

69 3502 137 3564 They
149 3515 211 3546 were
229 3509 270 3546 cut
282 3498 353 3545 down
370 3497 433 3544 from
452 3497 548 3556 behind,
560 3496 646 3550 wltilst,
666 3499 690 3544 in
708 3493 847 3543 aconfused
865 3509 934 3552 mass,
947 3496 1004 3556 they¹

69 3567 179 3632 Impeded
191 3569 248 3616 each
260 3567 348 3614 otber's
359 3565 436 3629 ssight.
504 3567 513 3594 ⁶
531 3567 575 3615 See
586 3580 609 3626 p.
624 3563 665 3622 46,
679 3575 734 3612 note
748 3563 770 3622 l,
788 3562 871 3628 Canon
886 3561 907 3608 1.
967 3581 970 3589 =
