2224 3862
119 257 176 318 302
510 249 546 312 Τ.
565 253 667 312 LIVll

130 445 136 450 ·
160 415 214 474 IX.
240 414 379 474 Primores
393 412 516 482 Patrum,
536 412 594 470 sive
608 409 689 488 culpi
701 411 759 470 sive
771 411 932 470 infelicitate
946 411 1055 490 impera·

123 510 214 556 torum
228 507 285 552 tam
299 492 481 570 ignominiosa
494 493 586 551 clades
598 503 712 569 accepta
721 504 804 559 esset,
818 509 960 558 censuere,
976 501 983 528 ⁶
998 493 1057 550 Non

124 575 362 652 ‘exspectandum
384 572 492 649 justum
512 585 623 649 tempus
642 571 826 638 comitiorum,
853 572 903 629 sed
924 572 1058 648 extemplo

124 664 232 712 ‘novos
245 655 370 711 tribunos
383 653 501 710 militum
521 653 652 709 creandos
673 669 742 718 esse,
764 651 812 726 qui
826 649 963 707 Kalendis
978 651 1057 709 Octo·

123 735 239 792 ‘bribus
253 733 442 808 magistratum
457 730 632 806 acciperent!
662 729 696 786 In
705 749 786 805 qnam
798 731 964 787 sententiam
978 750 1058 806 qnnm

122 814 240 890 pedihus
262 813 348 869 iretur
356 811 374 878 ¹,
399 811 486 868 ceteri
507 809 610 867 tribuni
631 809 751 866 militum
773 807 840 866 nihil
864 810 1058 868 contradicere

49 889 52 894 Δ
123 896 166 950 At
186 893 327 950 enimvero
349 889 460 966 Sergius
479 889 684 970 Virginiusque,
704 900 816 965 propter
831 907 901 963 qnos
922 890 1058 966 poenitere

123 973 332 1048 magistratuum
347 969 407 1046 ejus
419 970 485 1026 anni
498 980 623 1027 senatum
638 969 796 1046 apparebat,
817 965 907 1043 primo
921 969 1058 1044 deprecari

103 1039 311 1128 'ignominiam
336 1050 436 1107 deinde
452 1049 621 1106 intercedere
644 1047 755 1105 senatuis
778 1047 925 1104 consulto:
956 1067 1057 1124 negare,

123 1139 177 1188 ‘se
190 1144 254 1188 ante
267 1130 335 1187 Idus
349 1127 529 1196 Decembres,
549 1128 691 1184 solennem
711 1127 838 1185 ineundis
859 1127 1057 1202 magistratibus

123 1213 228 1278 ‘diem
251 1209 357 1267 honore
377 1209 500 1265 abituros
522 1206 600 1265 esse.’
648 1207 725 1264 lntsr
748 1205 816 1264 haec
839 1206 946 1264 tribuni
967 1200 1056 1284 plebis,

122 1311 207 1365 quum
222 1291 250 1346 in
264 1287 411 1346 concordii
423 1287 566 1344 hominum
580 1287 762 1361 secundisque
783 1286 864 1342 rebus
880 1286 1003 1344 civitatis
1021 1289 1056 1343 in·

122 1371 172 1426 viti
186 1370 325 1426 silentium
339 1367 500 1434 tenuissent,
520 1367 626 1424 feroces
639 1368 753 1442 repente
767 1365 863 1434 minari
880 1366 1000 1423 tribunis
1012 1367 1056 1422 mi-

122 1449 213 1516 litum,
227 1456 235 1483 ⁶
249 1449 301 1504 nisi
315 1449 343 1503 in
357 1445 541 1504 auctoritate²
554 1447 666 1504 senatis
686 1457 786 1511 essent,
807 1463 837 1500 se
849 1445 878 1500 in
891 1446 1004 1504 vincula
1015 1465 1057 1504 eos

123 1535 131 1560 ‘
146 1529 210 1585 duci
218 1525 346 1603 jussuros
359 1525 437 1582 esse!
477 1525 551 1582 Tum
567 1525 601 1582 C.
616 1525 747 1583 Servilius
761 1523 852 1580 Abala
870 1525 1000 1582 tribunus
1013 1527 1057 1582 mi-

122 1607 201 1663 litum
212 1625 219 1662 t
240 1614 248 1642 ‘
263 1606 346 1669 Quod
355 1605 390 1662 ad
399 1623 448 1660 vos
457 1605 564 1672 attinet,
575 1603 784 1680 tribuniplebis,
795 1603 942 1679 minasque
952 1617 1056 1672 vestras,

123 1693 196 1742 ‘nae
210 1703 264 1759 ego
275 1685 392 1742 libenter
404 1684 551 1757 experirer,
562 1683 644 1758 qnam
654 1703 708 1740 non
719 1683 782 1760 plus
791 1683 820 1738 in
833 1681 876 1739 his
884 1684 969 1760 juris,
983 1684 1055 1760 quim
1095 1701 1096 1756 j

122 1765 174 1820 ‘in
185 1764 266 1820 vobis
279 1763 371 1829 animi,
386 1776 460 1821 esset
468 1761 489 1818 ³.
531 1762 587 1820 Sed
598 1764 673 1820 nefas
682 1773 726 1820 es't
734 1763 847 1819 tendere
857 1764 991 1821 adversus
1000 1783 1056 1820 auc·
1095 1825 1096 1830 .

123 1844 285 1902 ‘toritatem
299 1841 419 1900 senatis.
461 1841 581 1900 Proinde
591 1854 620 1900 et
629 1861 676 1900 vos
685 1841 802 1898 desinite
815 1842 888 1899 inter
900 1856 997 1900 nostra
1005 1863 1055 1900 cer-
1095 1901 1096 1904 ,

124 1924 249 1980 ‘tamine
271 1923 364 1980 locum
386 1920 501 1999 injuriae
523 1941 679 2000 quaereret¹
694 1933 722 1978 st
743 1921 864 1996 collegae
884 1934 935 1979 ant
953 1923 1055 1986 facient,
1095 1921 1096 1934 ¹

124 2005 221 2079 ‘quod
234 2015 329 2061 censet
342 2015 462 2072 senatus,
473 2013 529 2068 aut,
544 2003 568 2058 si
581 2001 747 2076 pertinacius
759 2001 883 2067 tendent,
898 2002 1054 2060 dictatorem
1095 2007 1096 2066 j

124 2083 287 2159 ‘extemplo
300 2083 400 2149 dicam,
421 2081 469 2156 qui
488 2099 536 2138 ecs
552 2081 627 2138 abire
646 2081 808 2156 magistratu
828 2079 926 2154 cogat'
970 2081 1054 2144 Quum
1095 2081 1096 2130 ἶ

123 2164 245 2220 omnium
260 2181 373 2220 assensu
387 2161 563 2236 comprobata
583 2160 670 2217 oratio
687 2170 769 2226 esset,
790 2159 999 2235 gauderentque
1010 2161 1053 2216 Pa·
1095 2189 1096 2198 κ

123 2255 188 2308 tres,
204 2241 279 2298 ‘sine
293 2240 454 2298 tribuniciae
463 2239 607 2316 potestatis
617 2239 751 2296 terriculis
761 2239 900 2311 inventam
910 2259 974 2297 esse
983 2239 1053 2296 aliam

124 2321 202 2378 ‘vim
225 2319 357 2398 majoram
376 2320 412 2376 ad
435 2321 603 2377 coercendos
622 2318 796 2394 magistratus
804 2317 820 2384 ς’
841 2318 906 2376 victi
928 2337 1053 2376 consensu

123 2399 245 2456 omnium
268 2398 380 2454 comitia
399 2397 571 2455 tribunorum
585 2395 703 2454 militum
716 2395 844 2462 habuere,
865 2398 914 2472 qui
928 2397 1052 2456 Kalendis

124 2477 293 2536 Octobribus
312 2475 503 2551 magistratum
522 2477 696 2552 acciperent:
717 2495 801 2552 seque
821 2488 885 2534 ante
905 2497 969 2535 eam
989 2479 1051 2534 diem
1095 2489 1096 2492 ’

123 2557 285 2632 magistratu
298 2555 468 2614 abdicavere.
1095 2561 1096 2574 ¹

264 2635 301 2692 X.
329 2634 363 2692 L.
381 2633 488 2691 Valerio
509 2633 603 2691 Potito
623 2637 758 2710 qu'arthm,
779 2635 823 2692 M.
838 2633 924 2692 Furio
944 2634 1052 2694 Camillo
1095 2705 1096 2710 ἵ

99 2735 104 2752 ·
123 2707 147 2778 ¹3·
162 2707 185 2740 ⁰·
224 2715 325 2772 iterum
332 2712 354 2783 ⁴,
366 2712 417 2770 Μ’.
426 2713 549 2771 Aemilio
557 2713 730 2772 Mamercino
738 2715 858 2782 tertiam,
868 2713 923 2772 Cn.
932 2715 1051 2773 Cornelio

124 2760 182 2809 ³⁵⁴·
225 2794 313 2852 cosso
328 2795 439 2862 samm,
460 2793 499 2851 K.
513 2792 599 2850 rann
614 2794 762 2862 Amnum,
783 2793 1052 2862 L.Ju1101u10‚ni=
1095 2827 1096 2874 3

122 2873 205 2930 bunis
223 2874 342 2930 militurn
366 2871 503 2932 consulari
523 2883 668 2948 potestate,
691 2873 777 2930 multa
796 2873 871 2930 domi
892 2873 1050 2948 militiaeque
1095 2939 1096 2942 Ἴ

121 2965 209 3026 gesta.
250 2953 323 3011 Nam
342 2967 372 3011 et
393 2953 495 3010 bellum
517 2951 661 3027 multiplex
679 2952 732 3008 fuit
751 2952 849 3009 codem
869 2963 1003 3029 tempore,
1021 2950 1050 3008 ad
1095 2963 1096 2968 ’

108 3031 218 3107 'Vejos,
232 3045 261 3090 ct
273 3034 309 3090 ad
323 3033 473 3109 Capenam,
487 3043 516 3088 et
528 3032 564 3088 ad
573 3030 701 3099 Falerios,
711 3043 741 3088 et
753 3031 782 3088 in
793 3031 908 3110 Volscis,
919 3045 954 3090 ut
962 3033 1051 3089 Anxur

157 3192 227 3238 ¹See
241 3205 265 3250 p.
285 3191 326 3249 36,
344 3199 400 3236 note
416 3190 441 3238 4.
516 3185 588 3238 ¹'See
605 3205 629 3250 p.
647 3189 701 3247 170,
717 3198 774 3236 note
790 3189 826 3238 4..
887 3189 1049 3246 'Quamdiu
1095 3201 1096 3248 j

121 3260 189 3306 How
201 3258 273 3304 much
284 3257 331 3304 less
339 3257 427 3320 justice
438 3258 503 3304 there
514 3255 534 3302 is
545 3257 570 3302 in
583 3257 648 3303 these
659 3258 754 3312 threan,
773 3258 829 3304 than
840 3272 946 3320 cournga
962 3259 987 3304 in
1001 3271 1049 3318 you,
1095 3267 1096 3296 l

118 3327 135 3374 i.
151 3342 172 3372 e.
186 3327 238 3372 how
249 3325 370 3383 muchthe
380 3324 491 3386 injustice
502 3323 531 3370 oi
544 3325 609 3371 these
623 3323 711 3370 threats
722 3325 742 3370 is
753 3323 871 3372 exceeded
883 3326 915 3387 by
926 3340 988 3386 your
997 3339 1050 3372 ccv·
1095 3377 1096 3380 Ἴ

117 3392 205 3441 ardice.
292 3391 301 3420 ⁴
320 3391 440 3452 Sigonius,
457 3400 482 3438 tc
499 3391 618 3438 reconcile
635 3391 696 3453 Livy
708 3391 766 3438 with
783 3393 850 3440 other
866 3392 965 3451 writers,
983 3391 1050 3452 rasbly

118 3461 209 3509 deletes
225 3465 320 3516 iterum,
337 3457 385 3504 and
398 3459 515 3506 whatever
529 3459 570 3505 the
586 3461 688 3506 number
699 3459 728 3506 of
741 3459 777 3506 his
788 3459 951 3523 magistracies
961 3459 980 3507 is
990 3474 1049 3506 meu·

117 3526 199 3580 tioned
216 3527 304 3574 deletes
315 3539 369 3573 one.
406 3525 431 3572 It
442 3524 462 3572 is
473 3539 539 3574 more
550 3525 663 3592 probahle
674 3527 725 3575 that
736 3527 777 3576 the
787 3527 895 3587 mistalre,
908 3527 945 3592 (if
953 3529 1012 3576 there
1024 3527 1049 3575 be

118 3592 185 3654 any,)
198 3593 218 3640 is
229 3593 255 3641 in
267 3593 329 3655 Livy
341 3591 443 3640 himself.
