2230 3846
99 189 166 258 .l6‚6
521 189 555 248 T.
575 187 675 246 LIVIl

108 359 167 404 tum
182 359 264 422 atque
277 347 431 404 lustratum.
472 347 504 404 Iu
516 346 633 404 consulis
647 347 759 404 domum
768 347 863 422 plebes
873 348 1059 422 quadrantes,

101 439 141 484 ut
153 428 249 484 funere
262 427 393 502 ampliore
404 425 553 491 efferretur,
563 423 682 500 jactisse
695 426 782 482 fertur
791 425 809 481 ¹.

147 505 229 562 XIX.
253 505 324 562 Pace
344 505 430 581 parti,
448 506 548 562 instare
568 517 627 560 turn
648 505 750 561 tribuni
773 504 911 572 Patribus,
940 513 997 561 ‘ut
1022 506 1060 562 P.

109 583 234 644 ‘Valerii
254 585 336 640 fidem
357 585 529 642 exsolverent
538 583 554 640 ι’
573 583 675 642 instare
696 584 823 650 Claudio,
844 591 902 640 ‘ut
928 584 1061 659 collegae

109 669 117 696 ‘
131 662 210 722 Deos
223 683 317 722 manes
330 663 425 720 fraude
440 664 574 727 liberaret,
596 663 640 737 agi
654 663 688 719 de
702 663 762 736 lege
775 661 894 719 sineret!
936 663 1062 730 Consul,

109 748 117 775 ‘
131 755 276 818 antequam
291 743 422 816 collegam
437 743 488 800 sibi
502 740 694 816 subrogasset'
708 761 816 816 negare,
832 749 999 818 ‘passurum
1012 743 1063 817 agi

109 828 117 854 ‘
131 821 166 878 de
180 821 257 896 lego?
298 821 362 878 Hae
376 821 508 878 tenuere²
523 820 712 878 contentiones
721 839 807 895 usque
819 821 853 878 ad
864 822 980 878 comitia
988 841 1061 879 eon·

108 900 175 956 sulis
188 901 362 975 subrogandi.
402 900 552 958 Decembri
566 919 659 956 mense
670 898 690 966 ³,
705 919 814 956 summo
824 901 939 957 Patrum
950 901 1062 968 studio,

108 977 144 1036 L.
159 980 305 1044 Quinctius
317 979 505 1046 Cincinnatus,
520 993 598 1055 pater
611 978 758 1045 Kaesonis,
768 980 863 1036 consul
873 992 993 1045 creatur,
1006 980 1058 1054 qui

107 1058 297 1134 magistratum
307 1060 398 1116 statim
408 1059 554 1134 occiperet.
590 1058 720 1114 Perculsa
728 1072 787 1114 erat
797 1059 899 1133 plebes,
907 1059 1059 1115 consulem

107 1135 235 1196 habitura
248 1139 358 1205 iratum,
372 1152 512 1213 potentem
527 1139 619 1194 favore
634 1137 755 1202 Patrum,
771 1137 872 1193 virtute
885 1139 943 1204 sni,
966 1139 1061 1194 tribus

109 1216 209 1283 liberis,
231 1237 347 1292 quorum
367 1237 449 1274 nemo
465 1216 587 1275 Kaesoni
608 1217 723 1274 cedebat
744 1217 930 1290 magnitudine
951 1217 1059 1283 animi;

109 1295 251 1352 eonsilium
261 1311 290 1353 et
299 1297 410 1366 modum
422 1296 586 1360 adhibendo,
598 1296 644 1352 ubi
655 1316 698 1351 res
707 1309 839 1370 posceret,
850 1296 956 1370 priores
967 1309 1061 1353 erant.

109 1372 147 1442 ls,
168 1389 199 1431 at
222 1375 410 1449 magistratum
431 1375 500 1442 iniit,
521 1375 637 1432 assiduis
655 1375 832 1431 concionibus
850 1394 900 1449 pro
913 1373 1060 1442 tribunali,

109 1471 165 1508 non
185 1454 213 1510 in
234 1455 314 1530 plebe
331 1455 490 1521 coercendis,
503 1453 585 1528 quim
607 1466 704 1510 senatu
724 1454 891 1528 castigando,
906 1451 1061 1510 vehemen-

111 1531 165 1588 tior
177 1533 248 1589 fuit:
266 1540 273 1566 ‘
288 1533 366 1610 cujus
380 1534 482 1590 ordinis
496 1535 625 1607 languore
639 1532 764 1608 perpetui
773 1531 832 1607 jam
842 1533 945 1588 tribuni
957 1533 1060 1609 plebis,

112 1619 119 1643 ‘
134 1630 189 1668 nou
199 1625 231 1676 ut
244 1612 272 1668 in
286 1613 426 1688 republicis
438 1613 533 1688 populi
548 1612 676 1679 Romani,
690 1612 739 1668 sed
754 1624 785 1666 ut
798 1611 824 1666 in
839 1612 948 1687 perditis
962 1613 1060 1680 domo,

112 1691 235 1765 ‘linguei'
247 1691 459 1766 criminibusque
485 1704 638 1766 regnarent.
679 1690 751 1748 Cum
779 1689 908 1748 Kaesone
928 1691 987 1748 filio
1006 1712 1060 1750 suo

113 1770 274 1836 ‘virtutem
295 1772 484 1836 constantiam,
505 1771 597 1828 omnia
611 1768 766 1845 juventutis
784 1770 848 1826 belli
862 1771 994 1846 domique
1009 1773 1059 1828 de·

113 1853 199 1906 ‘cora
218 1851 297 1926 pulsa
315 1870 350 1906 ex
366 1852 431 1906 urbe
448 1850 573 1906 Romanis
586 1864 614 1906 et
627 1851 722 1924 fugata
734 1869 802 1906 esse.
843 1848 1000 1925 Loquaces,
1016 1871 1059 1907 se·

113 1928 260 1996 ‘ditiosos
281 1931 385 1986 semina
404 1929 610 1994 discordiarum,
632 1929 731 1986 iterum
753 1948 785 1986 ae
803 1930 914 1985 tertium
929 1928 1058 1986 tribunos

114 2013 122 2040 ⁴
136 2009 261 2084 pessimis
275 2010 378 2066 artibus
391 2009 466 2082 regiis
480 2009 589 2067 licentiis
603 2009 702 2065 virere.
744 2007 789 2064 A!
800 2008 898 2082 inquit,
915 2008 981 2066 ‘ills
992 2009 1056 2064 Vir·

114 2088 226 2162 ‘giuiu
236 2087 258 2154 ⁴,
279 2090 344 2163 quia
357 2088 384 2144 in
405 2088 542 2164 Capitolio
562 2088 691 2153 nonfuit,
713 2087 802 2143 minus
820 2087 957 2164 supplicii,
973 2107 1057 2164 qnam

114 2170 122 2198 ⁴
138 2167 194 2242 Ap.
209 2167 378 2233 Herdonius,
394 2167 518 2226 meruit?
538 2169 600 2244 plus
615 2166 723 2224 hercule
737 2167 876 2240 aliquanto
887 2165 910 2234 ⁵,
930 2168 980 2242 qui
995 2187 1057 2225 vere

113 2249 193 2302 ‘rem
215 2247 357 2304 aestimare
373 2247 445 2302 velit.
486 2246 656 2313 Herdonius,
677 2247 700 2302 si
719 2245 786 2302 nihil
800 2247 883 2311 aliud,
904 2245 1014 2304 hostem
1028 2265 1057 2318 se

115 2327 123 2354 ‘
137 2324 248 2380 fatendo
261 2345 346 2400 prope
361 2326 547 2391 denunciavit,
558 2341 590 2382 ιιι
603 2345 678 2382 arma
691 2325 842 2399 caperetis:
863 2325 916 2392 hic,
931 2326 1057 2401 negando

116 2407 123 2434 ⁶
138 2403 285 2467 bellesme,
301 2424 376 2460 arma
390 2405 465 2460 voltis
479 2405 590 2469 ademit,
605 2406 747 2478 nudosque
758 2405 842 2460 serris
856 2405 954 2461 vestris
968 2417 998 2462 et
1012 2425 1056 2461 ex·

116 2483 242 2539 ‘salibus
264 2481 372 2558 objecit.
414 2483 452 2540 Et
472 2503 520 2538 vos
538 2484 588 2556 (C.
610 2483 719 2540 Claudii
739 2502 816 2557 paee,
844 2497 872 2540 et
901 2484 933 2541 P.
954 2483 1055 2541 Valerii

119 2562 241 2618 ‘mortui
255 2562 365 2636 loquar)
380 2563 454 2638 prius
467 2563 495 2618 in
510 2562 609 2620 clivum
626 2561 811 2638 Capitolinum
827 2562 904 2637 signa
917 2563 1054 2630 intulistis,

116 2639 219 2714 ‘quam
241 2640 291 2697 hos
310 2641 403 2698 hostes
423 2643 457 2698 de
471 2643 529 2698 foro
544 2641 700 2699 tolleretis?
724 2641 815 2697 Pudet
829 2641 955 2698 Deorum
971 2642 1054 2700 homi-

116 2722 267 2793 ‘numque
308 2722 403 2784 Quum
424 2720 516 2777 hostes
536 2721 564 2776 in
585 2741 656 2788 arce,
677 2720 704 2775 in
727 2720 865 2794 Capitolio
886 2735 988 2790 essent,
1011 2741 1054 2778 cx·

116 2798 228 2854 ‘sulum
249 2812 278 2856 et
297 2820 436 2857 servorum
458 2802 524 2866 dux,
545 2800 693 2874 profanatis
704 2799 840 2865 omnibus,
854 2800 881 2855 in
897 2801 969 2858 cellis
981 2800 1053 2858 Joris

117 2880 125 2908 ‘
139 2877 235 2952 optimi
252 2881 363 2936 maximi
377 2878 519 2944 habitaret,
532 2880 646 2936 Tusculi
659 2879 731 2946 ante,
744 2877 824 2952 quim
838 2878 953 2946 Romae,
966 2898 1052 2954 sump-

117 2959 168 3012 ‘ta
187 2967 251 3012 suut
272 2978 355 3014 arma.
395 2957 427 3014 ln
449 2959 533 3016 dubio
546 2959 606 3026 fuit,
628 2958 719 3014 utrum
743 2957 775 3012 L.
790 2955 936 3016 Mamilius
951 2959 1050 3016 Tuscu·

118 3038 125 3064 ‘
140 3035 217 3094 lanus
231 3038 296 3105 dux,
312 3057 345 3094 an
358 3037 389 3096 P.
401 3038 527 3096 Valerius
539 3052 567 3095 et
579 3039 610 3096 C.
623 3035 756 3096 Claudius
766 3038 892 3094 consules
904 3038 1050 3096 Romanam

153 3193 159 3222 ¹
178 3191 211 3240 43
228 3209 296 3254 years
312 3195 393 3242 before
410 3195 446 3241 his
463 3196 539 3241 father
550 3211 598 3242 was
609 3195 693 3242 buried
707 3205 731 3242 at
743 3195 782 3242 the
793 3195 876 3254 public
887 3209 1005 3255 expetam
1019 3193 1049 3240 11.

120 3259 158 3310 ld.
197 3262 311 3308 Plutarch
324 3262 443 3310 mentions
454 3264 504 3310 that
515 3264 551 3310 his
563 3263 646 3325 family
658 3263 769 3310 obtained
781 3279 795 3307 o
807 3262 966 3322 hunsl-place
983 3262 1005 3307 in
1018 3261 1051 3306 the

119 3326 167 3388 city
178 3343 205 3374 as
219 3330 291 3392 agift
302 3331 363 3376 from
376 3331 415 3376 the
427 3340 493 3376 state.
568 3326 578 3354 ¹
597 3333 641 3378 See
652 3347 674 3391 p.
691 3330 728 3380 74.
742 3339 798 3376 note
815 3330 834 3376 l.
906 3330 915 3357 ⁸
933 3331 984 3376 The
994 3327 1050 3374 ordi·

119 3407 177 3455 tracy
187 3397 245 3444 time
257 3398 295 3443 for
307 3398 347 3444 the
358 3397 454 3443 consuls
466 3407 490 3444 to
501 3413 595 3444 assume
604 3397 673 3444 office
682 3413 729 3443 was
738 3413 770 3443 on
778 3398 817 3442 the
831 3397 865 3442 lst
873 3396 903 3442 os
912 3397 1047 3456 September.

121 3461 165 3508 See
179 3464 254 3526 Chap.
269 3465 292 3512 6.
362 3465 371 3492 ⁴
389 3465 441 3512 The
452 3466 555 3518 tribune,
568 3467 621 3512 who
638 3463 684 3510 had
696 3464 759 3510 fiaed
777 3479 791 3510 a
809 3463 853 3525 day
866 3463 904 3510 for
915 3465 956 3512 the
969 3462 1017 3510 trial
1028 3461 1052 3507 of

123 3525 211 3580 Kaeso.
250 3533 293 3580 See
305 3531 378 3592 Chap.
397 3530 433 3578 ll.
503 3532 513 3560 ⁵
531 3531 622 3594 Supply
634 3535 777 3595 respondebit
789 3534 882 3595 aliquis.
