2232 3862
104 219 142 274 82
474 215 508 274 Τ.
528 213 629 276 LlVll

101 390 207 442 comm,
217 391 291 432 nunc
300 373 422 450 singulos
432 393 588 451 provocare,
599 374 822 452 nuncinorepare
832 394 938 444 omues,
955 382 963 410 ‘
980 375 1049 434 Serb

107 461 114 487 ‘
128 453 194 512 vitia
207 473 303 530 regum
317 455 506 530 superborum,
515 475 581 512 suae
591 454 723 512 libertatis
733 455 918 521 immemores,
928 455 1051 513 alienam

106 539 316 610 ‘oppugnatum
331 532 440 590 venire!
483 533 612 592 Cunctati
626 533 792 609 aliquamdiu
806 547 880 601 sunt,
895 535 962 590 dum
977 534 1053 591 alius

106 611 200 680 alium,
214 626 246 670 ut
258 612 394 689 proelium
408 612 547 688 incipiant,
562 613 798 690 circumspectant.
840 613 935 670 Pudor
945 613 1053 670 deinde

106 692 256 750 commorit
269 693 366 759 aciem,
384 704 421 760 et,
438 691 557 750 clamore
571 693 688 759 sublato,
703 692 825 767 undique
839 693 866 748 iu
881 711 967 749 unum
983 691 1052 749 hos·

107 782 163 828 tem
185 771 242 830 tela
263 770 421 847 conjiciunt.
462 770 542 833 Quae
563 791 648 846 quum
670 771 698 828 in
722 771 829 846 objecto
849 784 950 828 cuncta
967 783 1054 828 scuto

106 848 266 922 haesissent,
284 870 374 925 neque
391 851 436 906 ille
456 851 546 908 minus
564 851 716 908 obstinatus
730 850 834 924 ingenti
847 863 960 926 pontem
975 851 1052 906 obti-

107 943 185 986 neret
193 930 278 1004 gradu
288 929 306 996 ¹,
314 929 371 1004 jam
382 929 489 1004 impetn
497 929 666 986 conabantur
674 930 821 986 detrudere
833 931 937 995 rirum;
960 948 1052 1003 quum

107 1008 188 1064 simul
205 1009 296 1083 fragor
312 1009 386 1084 rupti
403 1008 503 1085 pontis,
524 1009 606 1064 simul
620 1009 722 1066 clamor
739 1009 937 1074 Romanorum,
951 1009 1052 1066 alacri-

107 1098 164 1144 tate
186 1087 300 1164 perfecti
317 1087 407 1163 operis
431 1087 562 1155 sublatus,
583 1107 684 1163 parcre
702 1087 794 1144 subito
810 1088 944 1163 impeturn
963 1087 1052 1144 susti·

107 1166 177 1224 nuit.
219 1167 291 1224 Turn
305 1166 413 1234 Cocles,
426 1174 433 1200 ‘
444 1165 574 1223 Tiberina
584 1167 595 1199 ²
606 1165 701 1243 pater,'
712 1166 810 1241 inquit,
825 1174 833 1200 ‘
845 1179 873 1224 te
884 1179 977 1222 sancte
987 1186 1053 1240 pre·

109 1256 187 1310 ‘cor,
206 1245 274 1304 haec
291 1265 366 1302 arma
383 1258 412 1303 et
428 1244 501 1303 bunc
519 1246 633 1302 militem
653 1246 772 1322 propitio
785 1245 898 1302 flumine
911 1243 1052 1320 accipias-³

107 1323 152 1381 lta
165 1325 206 1381 sic
218 1324 360 1382 armatus³
381 1325 409 1380 iu
424 1323 547 1381 Tiberim
561 1325 690 1390 desiluit;
713 1325 861 1400 multisque
878 1343 960 1399 super
980 1325 1053 1381 inci·

108 1403 237 1460 dentibus
249 1403 311 1460 telis
320 1403 465 1460 incolumis
474 1404 509 1461 ad
519 1423 584 1460 suos
594 1404 719 1470 tranavit,
730 1423 788 1460 reru
797 1423 880 1460 ausus
888 1404 951 1477 plus
960 1403 1053 1461 saurae

109 1480 263 1540 habituram
282 1482 317 1538 ad
339 1494 471 1557 posteros,
486 1481 568 1556 quiam
583 1482 656 1540 fidei.
697 1484 785 1542 Grata
798 1501 862 1558 erga
875 1495 980 1538 tantam
997 1483 1053 1538 vir·

110 1573 198 1618 tutem
217 1560 314 1618 civitas
333 1561 403 1618 fuit:
426 1574 517 1618 statua
534 1562 564 1617 iu
585 1561 698 1618 comitio
720 1561 819 1638 posita,
838 1562 895 1636 agri
914 1573 1053 1635 quantum

110 1659 166 1696 uno
180 1639 225 1698 die
239 1640 436 1708 circumaravit,
448 1640 552 1698 datum.
594 1640 705 1698 Privata
717 1637 828 1715 qubque
842 1641 913 1698 inter
923 1639 1054 1716 publicos

111 1717 229 1776 honores
247 1719 339 1776 studia
356 1719 521 1776 eminebant.
562 1717 635 1777 Nam
653 1719 683 1776 iu
704 1720 804 1795 magnai
820 1719 914 1795 inopia
931 1738 982 1794 pro
1001 1719 1054 1776 do-

112 1798 232 1855 mesticis
248 1799 335 1874 copiis
348 1799 536 1874 unusquisque
549 1799 576 1856 ei
590 1798 703 1873 aliquid,
716 1799 844 1856 fraudans
858 1818 887 1856 se
901 1798 960 1875 ipse
975 1798 1054 1856 victu

111 1897 171 1944 suo,
186 1878 311 1935 contulit.

150 1955 203 2014 XI.
225 1957 354 2024 Porsena,
370 1956 461 2033 primo
480 1969 581 2016 conatu
598 1957 732 2034 repulsus,
751 1956 871 2014 consiliis
888 1957 923 2014 ab
944 1975 1055 2032 oppug·

110 2036 202 2093 nandi
214 2038 283 2094 urbe
295 2037 331 2094 ed
345 2037 523 2094 obsidendam
536 2037 630 2103 versis,
644 2036 780 2112 praesidio
793 2036 820 2092 in
834 2034 965 2093 Janiculo
978 2035 1056 2093 loca·

110 2127 149 2182 to,
168 2115 227 2192 ipse
249 2116 277 2174 iu
291 2116 372 2192 plano
386 2116 506 2192 ripisque
520 2115 628 2174 Tiberis
642 2129 729 2173 castra
741 2113 853 2190 posuit;
871 2115 988 2174 navibus
1003 2135 1055 2172 un·

111 2195 195 2269 dique
208 2195 312 2263 accitis,
326 2208 356 2252 et
368 2188 404 2252 ad
414 2195 577 2262 custodiam,
591 2215 626 2252 ne
639 2195 706 2268 quid
718 2193 835 2251 Romam
846 2193 976 2252 frumeuti
987 2195 1055 2250 sub·

111 2273 174 2330 vobi
187 2274 297 2342 sineret,
314 2286 343 2330 et
364 2286 395 2330 ut
414 2275 574 2349 praedatum
594 2273 694 2330 milites
707 2284 781 2330 trans
794 2273 895 2330 flumen
910 2292 960 2348 per
974 2293 1056 2330 occa·

113 2353 203 2409 siones
217 2353 277 2409 aliis
290 2365 372 2426 atque
381 2353 440 2410 aliis
448 2351 514 2410 locis
522 2352 675 2428 trajiceret:
695 2353 824 2426 brevique
838 2348 907 2410 adab
922 2352 1054 2410 infestum

114 2450 224 2487 ornnem
246 2431 405 2488 Romanum
422 2450 517 2506 agrum
538 2431 667 2497 reddidit,
687 2443 719 2488 ut
739 2451 794 2488 nou
808 2443 901 2488 cetera
913 2432 1004 2488 solum
1020 2451 1056 2488 ex

113 2510 194 2584 agris,
208 2510 258 2566 sed
271 2529 356 2587 pecua
371 2505 482 2585 quoque
496 2531 577 2567 omne
591 2511 618 2566 in
629 2512 723 2568 urbem
736 2511 954 2587 compelleretur,
963 2530 1056 2585 nequa

114 2589 259 2664 quisquam
279 2603 357 2645 extra
375 2603 468 2666 portas
488 2590 639 2665 propellere
659 2590 780 2646 auderet.
823 2589 1008 2646 Hoctautum
1024 2590 1056 2645 li-

114 2669 220 2726 ceutiae
235 2668 369 2734 Etruscis,
383 2687 438 2724 non
453 2681 529 2726 metu
543 2668 637 2744 megia,
652 2668 734 2743 quim
748 2668 871 2735 consilio,
881 2687 1056 2725 concessum.

116 2745 244 2822 Namque
258 2747 383 2804 Valerius
392 2747 496 2813 consul,
508 2748 630 2804 intentus
638 2748 665 2804 in
677 2747 847 2804 occasionem
859 2747 962 2804 multos
972 2747 1056 2804 simul

114 2839 143 2882 et
161 2826 263 2884 effusos
283 2823 431 2902 improvisi
446 2827 599 2892 adoriundi,
617 2827 645 2883 in
660 2826 749 2904 parvis
763 2827 844 2882 rebus
857 2827 1001 2901 negligens
1016 2827 1056 2882 ul·

115 2917 167 2973 tor,
181 2925 291 2981 gravem
306 2926 336 2962 re
349 2907 383 2964 ad
398 2906 501 2982 majora
514 2906 649 2964 vindicem
665 2907 798 2964 servabat.
838 2903 945 2981 Itaque,
961 2919 994 2962 ut
1008 2907 1058 2963 eli·

115 2997 190 3042 ceret
210 2986 394 3061 praedatores,
415 2985 499 3043 edicit
519 2985 584 3050 suis,
603 2998 713 3060 postero
733 2985 778 3041 die
798 2984 956 3059 frequentes
976 2986 1057 3060 porti

117 3063 268 3138 Esquilini,
283 3085 353 3138 quae
366 3065 538 3122 aversissima
550 3065 585 3121 ab
599 3063 677 3121 hoste
691 3076 757 3129 erat,
772 3065 941 3140 expellerent
953 3083 1057 3140 pecus3

117 3150 124 3176 ⁴
139 3144 255 3202 scituros
269 3144 298 3201 id
312 3142 412 3201 bostes'
427 3156 511 3212 ratus,
527 3152 534 3178 ‘
549 3139 623 3218 qubd
634 3146 662 3200 in
671 3143 812 3200 obsidione
823 3155 852 3199 et
862 3143 933 3200 fame
945 3144 1057 3201 servitia

143 3290 150 3318 ¹
172 3295 277 3348 Gradus,
294 3306 308 3337 a
325 3289 474 3354 gladiatorial
491 3299 551 3336 term
569 3289 701 3352 signifying
715 3305 729 3335 a
745 3288 849 3350 position
865 3287 890 3333 in
908 3288 1025 3352 leucium
1045 3307 1058 3337 a

116 3357 197 3414 stride,
216 3374 242 3405 as
253 3367 405 3420 preparatory
416 3367 441 3403 to
452 3357 577 3418 steppiug;
597 3373 611 3403 a
628 3369 678 3418 step
689 3361 828 3419 z-Ingerrtr'
840 3361 928 3418 gredo,
940 3357 998 3404 with
1017 3373 1058 3404 ex-

116 3425 264 3488 traordinary
277 3423 385 3471 firmness
396 3425 425 3470 of
438 3423 540 3485 position
556 3439 583 3471 or
599 3423 680 3473 stride.
749 3424 759 3452 ²
780 3427 903 3473 Tiberinus
922 3439 950 3470 or
965 3429 1058 3486 Tybris,

116 3493 156 3538 tlte
173 3494 235 3539 river
249 3491 315 3554 god3
335 3491 427 3540 Tiberis
444 3493 484 3538 the
501 3491 563 3539 river
574 3492 644 3540 itaelf.
714 3492 779 3542 'Ita
791 3496 824 3542 tic
835 3501 950 3540 armetur.
990 3493 1058 3541 Thur

118 3559 241 3624 speaking,
255 3558 383 3608 accoutred
394 3554 419 3606 as
431 3559 460 3606 he
474 3573 529 3607 was.
