2224 3862
351 157 354 176 Ι
423 205 551 265 LIBER
566 205 630 264 tv:
942 207 1004 263 279¹

63 366 164 423 trema
173 365 282 424 malurn
293 363 302 397 ¹
313 364 463 423 mittentem
473 365 606 422 militibus
616 365 629 422 i
647 364 755 422 Tamari
764 363 832 422 baeu
841 362 933 422 bellua
940 363 1002 440 oig-

63 445 140 502 ‘nior
162 445 243 502 vobis
263 453 343 504 tanto
362 442 488 501 honore²
502 444 649 511 videbitur,
671 441 754 518 quim
772 442 838 520 qni³
852 463 910 511 vos,
933 441 1003 500 urbe

63 525 206 600 ‘agrisque
221 525 349 590 donatos,
362 523 390 580 in
404 523 525 581 colonias
538 524 671 590 mittunt3
688 523 736 597 qui
756 524 851 582 sedem
865 523 1002 580 senectuti

61 611 186 661 ‘vestrae
199 603 390 680 prospiciunt3
412 603 459 678 qui
469 622 520 679 pro
528 603 627 659 vestris
634 602 788 660 commodis
798 603 929 659 adversus
943 614 1002 658 mm

61 683 204 740 ‘medelas
221 683 410 758 superbosque
427 682 596 739 adversarios
613 681 791 756 depugnantl
814 681 932 758 Incipita
951 682 1000 738 da·

61 762 142 819 ‘iude
157 761 261 827 mirari,
273 781 323 818 cur
332 761 413 836 pauci
422 761 480 836 jam
490 774 607 818 vestram
618 760 770 836 suscipiant
783 779 903 818 mnsam
923 759 1001 823 Quid

60 849 110 897 ‘ut
122 861 139 898 a
153 841 234 898 robis
247 841 380 916 sperent?
401 860 436 898 an
449 839 576 907 honoras,
589 859 659 914 quos
671 839 833 898 adversariis
843 839 941 896 vestris
951 857 1001 914 po-

59 920 139 985 ‘tiis
160 918 248 995 quim
265 918 362 996 populi
383 920 504 978 Romani
522 920 781 995 propugnatoribus,
800 918 897 976 datis?
919 917 1001 994 Inge-

57 999 186 1056 ‘muistis
201 1000 294 1066 modo,
309 1017 378 1055 voca
390 998 472 1076 hujus
485 999 589 1056 audita.
629 997 704 1062 Quid
714 997 834 1056 idrefert
843 995 879 1054 ⁴?
893 996 967 1064 Jam,
978 995 1003 1052 si

1 1109 2 1146 3
58 1078 239 1155 ‘suffragium
254 1079 344 1146 detur,
362 1076 445 1146 hunc,
466 1078 514 1153 qui
531 1077 634 1134 malum
647 1076 726 1134 vobis
739 1079 868 1144 minatur,
888 1076 932 1142 iis,
953 1076 1002 1149 qui

58 1165 65 1192 ‘
78 1177 159 1231 agros
174 1158 312 1232 sedesque
324 1175 357 1215 ac
369 1157 493 1214 fortunus
506 1156 627 1214 stabilire
640 1157 747 1225 volunt,
761 1154 937 1233 praeferetia.'

91 1235 128 1292 L.
150 1237 263 1294 Perlata
276 1235 345 1294 haec
358 1255 411 1293 vox
426 1236 563 1294 Postumii
580 1236 616 1293 ad
634 1236 737 1292 milites
756 1236 845 1293 multo
861 1234 889 1291 in
904 1233 1000 1292 castris

55 1315 186 1392 majorem
198 1315 416 1392 indignationem
429 1315 525 1372 movit.
565 1322 574 1350 ⁴
590 1315 749 1372 Praedaene
759 1315 973 1390 interceptorem
986 1310 997 1344 ⁵

56 1395 320 1470 ‘fraudatoremque
342 1395 426 1452 edam
447 1395 552 1454 malum
576 1394 674 1452 minari
695 1395 830 1452 militibus
844 1392 867 1451 i'
899 1392 999 1467 Itaque

55 1474 757 1630 trs,irrisissetnrrltl
768 1473 1001 1628 listris

55 1633 138 1690 misso
151 1634 188 1690 ad
202 1634 399 1690 vociferantem
414 1633 553 1709 quendam
573 1632 690 1690 militem
711 1633 807 1691 lictore
826 1651 912 1708 quum
933 1631 999 1688 inde

55 1711 156 1769 clamor
170 1723 200 1770 ot
208 1712 332 1789 jurgium
346 1713 472 1782 oriretur,
487 1731 553 1772 saxo
567 1713 640 1770 ictus
649 1712 867 1780 turbioxcedit3
886 1711 999 1786 insuper

54 1790 222 1868 increpante,
236 1792 283 1867 qui
297 1792 494 1859 vulneraverat,
515 1799 523 1826 ‘
537 1792 638 1850 babere
652 1805 835 1866 quaestorem,
857 1791 932 1866 quud
946 1790 999 1846 im·

55 1875 187 1946 ‘perator
200 1885 275 1928 esset
288 1870 422 1930 militibus
436 1870 572 1930 minatus.’
614 1870 662 1926 Ad
678 1871 751 1928 hune
763 1871 912 1930 tumultum
927 1868 999 1926 acci·

54 1960 97 2006 tus
111 1951 276 2008 Postumius
285 1951 423 2028 asperiora
433 1951 526 2008 omnia
535 1949 602 2008 lecit
608 1950 714 2008 acerbis
722 1950 922 2025 questionibus,
935 1967 1001 2005 crn‹

54 2028 161 2087 delibus
174 2029 328 2106 suppliciis.
368 2026 515 2088 Postremo
530 2049 616 2105 quum
631 2029 745 2086 modum
764 2030 820 2086 irae
837 2027 944 2084 nullum
958 2028 999 2084 lu·

54 2121 136 2178 cerat,
157 2109 194 2166 ad
209 2109 435 2168 vociferationem
447 2129 553 2176 eorum,
568 2128 639 2184 quos
651 2107 744 2166 necari
758 2109 809 2164 sub
822 2104 919 2165 crate⁶
935 2104 998 2181 jus·

53 2200 132 2256 serat
147 2207 286 2247 concursu
298 2189 380 2256 sacto,
395 2189 454 2266 ipsa
468 2188 503 2246 ad
513 2188 721 2264 interpellantes
730 2205 846 2262 poenam
859 2186 1001 2243 vecorsde

53 2266 182 2326 tribunali
203 2268 334 2326 decurrit.
374 2267 418 2324 lhi
438 2287 524 2344 quum
543 2268 740 2324 submoventes
760 2266 873 2342 passim¹
886 2265 997 2323 lictores

53 2347 284 2422 munitionesque
297 2359 428 2406 vexarent
440 2346 560 2414 turbam,
574 2348 609 2404 ab
622 2346 775 2424 indignatio
789 2345 889 2422 erupit,
903 2358 936 2402 nt
949 2345 999 2402 tri·

53 2423 142 2482 hunus
157 2426 279 2483 militum
291 2426 328 2484 ab
341 2426 464 2484 exercitu
474 2445 526 2484 suo
540 2426 676 2502 lapidibus
689 2425 885 2500 cooperiretur.
913 2425 998 2488 Quod

52 2514 106 2560 mm
120 2517 204 2562 atrox
217 2506 323 2564 facium
336 2519 482 2581 postquam
503 2517 547 2563 est
560 2505 680 2563 Romam
694 2505 865 2574 nunciatum,
883 2503 1000 2561 tribunis

52 2583 171 2640 militurn
186 2585 223 2641 de
237 2598 325 2642 morte
336 2585 456 2660 collegae
466 2604 516 2660 per
524 2597 651 2642 senatum
661 2585 837 2660 quaestiones
847 2585 1000 2642 neamen-

52 2662 133 2732 dbus,
147 2664 253 2720 tribuni
266 2664 354 2740 plebia
366 2663 585 2722 intercedebant.
626 2663 683 2722 Sed
694 2683 727 2722 ea
737 2665 879 2721 contentio
892 2682 928 2722 ex
938 2681 997 2720 cer·

81 2809 87 2837 ¹
100 2813 207 2868 Malum,
217 2827 243 2860 as
252 2809 366 2858 observed
378 2813 410 2873 by
421 2813 509 2870 Stroth,
519 2825 653 2860 acommou
665 2811 742 2860 threat
753 2810 809 2860 held
817 2820 862 2860 out
872 2821 898 2860 to
909 2813 994 2862 slaves.

51 2875 116 2925 Thus
131 2879 245 2934 Plautus,
259 2880 340 2936 Persa,
352 2879 406 2928 111.
425 2879 444 2927 l.
459 2879 501 2936 33,

153 2947 240 2994 Herus
252 2945 272 2993 si
284 2947 390 2994 minatus
401 2957 437 2994 est
447 2947 541 2996 malurn
552 2962 620 2994 servo
631 2961 684 2994 suo.

50 3009 60 3037 ¹
76 3013 128 3060 ‘lite
139 3013 246 3076 military
258 3013 416 3076 tribuneship.
485 3014 495 3043 ⁸
513 3018 565 3064 The
576 3015 686 3076 plebeian
700 3013 818 3075 aspirante
829 3015 890 3062 after
900 3018 941 3064 the
950 3017 996 3064 mi-

50 3076 119 3144 litary
130 3082 291 3144 tribuneship.
364 3082 596 3146 ⁴Qoidr'drefertl
618 3082 656 3131 Ol'
669 3083 733 3129 what
743 3082 814 3130 effect
824 3082 845 3129 is
855 3079 926 3132 that?
944 3086 959 3132 i.
974 3103 996 3133 e.

51 3161 112 3206 your
123 3149 255 3213 indignant
266 3150 393 3213 grenning.
465 3151 475 3180 ⁵
491 3155 646 3212 Interceptae,
659 3165 673 3196 a
684 3165 772 3212 person
784 3151 913 3212 appointed
925 3161 951 3198 to
960 3167 998 3199 re-

51 3214 132 3274 gulate
149 3217 243 3274 claims,
261 3220 317 3264 who
334 3228 398 3278 steps
414 3217 440 3264 in
460 3219 569 3266 between
587 3219 628 3264 the
644 3233 743 3278 persons
760 3218 875 3282 claiming
892 3219 941 3266 and
958 3221 999 3266 the

52 3294 163 3348 property
175 3285 286 3342 claimed,
299 3285 397 3348 (inter),
414 3285 463 3333 and
480 3285 548 3333 takes
564 3287 584 3334 it
600 3285 704 3342 himself,
721 3287 841 3348 (captor.)
876 3287 945 3335 Here
955 3301 999 3347 ap-

52 3349 113 3407 plied
126 3363 154 3400 to
165 3353 308 3402 Postumius
317 3355 429 3418 stepping
439 3355 464 3402 in
471 3356 580 3402 between
589 3355 630 3400 the
638 3352 738 3400 soldiers
746 3353 793 3400 and
806 3353 846 3400 the
857 3352 961 3412 plundsr
971 3354 1001 3400 ui

52 3416 128 3479 Bola;
147 3421 174 3468 in
187 3422 229 3469 the
240 3421 290 3470 ‘iffi
304 3423 408 3482 Chapter
419 3422 449 3468 of
457 3423 497 3468 the
509 3419 541 3469 ad
554 3419 633 3474 Book,
643 3428 668 3468 to
679 3421 720 3467 the
734 3419 842 3472 Romanis
850 3420 963 3482 stepping
971 3422 997 3467 in

54 3488 161 3536 between
186 3489 226 3536 the
247 3487 364 3537 Ardeates
383 3487 431 3536 and
448 3490 489 3538 the
506 3487 564 3536 land
580 3487 683 3535 claimed
700 3490 732 3552 by
748 3488 821 3536 them
926 3488 936 3515 ⁸
954 3487 1001 3536 See

54 3571 77 3616 p.
89 3558 133 3618 59,
145 3557 240 3606 noteb-
