2224 3862
97 227 163 295 Μ
481 229 527 290 n.
547 229 649 290 Ltvtr

100 413 161 452 runt
175 411 266 450 rerum
281 387 341 460 est,¹
354 389 461 448 summa
479 389 597 466 impeti-i,
618 386 787 449 eoncedente
801 392 936 468 Agrippi,
955 391 1037 470 penes

101 473 233 548 collegam
248 485 325 528 erat:
345 483 374 528 et
386 471 525 546 praelatus
534 469 578 526 ille
589 469 712 527 facilitati
722 471 908 528 submittentis
915 493 947 530 se
958 475 1035 530 eomi-

101 566 144 610 tet
153 550 343 628 respondebat,
354 549 583 608 eommunioando
588 549 705 606 oonsilio
715 551 873 626 laudesque,
885 564 914 608 et
923 571 1038 626 aequen-

102 633 139 689 do
152 631 284 707 imparem
299 629 359 686 eibi.
393 629 426 686 ln
440 629 499 686 aoie
509 627 657 692 Quinctius
671 629 798 686 dextrum
813 647 906 697 cornu,
920 632 1042 707 Agrippa

102 710 241 768 maistrnm
256 709 362 766 tonuit:
384 707 432 783 Sp.
445 707 590 764 Postumio
600 707 860 784 Albulegato'datnr
870 710 1039 768 mediaaoies

103 790 208 848 tuenda
219 813 225 855 ;
238 789 357 864 legatum
367 787 482 844 alterum
493 787 552 844 Ser.
563 785 716 862 Sulpicium
726 789 862 862 equitibus
872 789 1040 864 praeficiunt.

103 869 216 928 Pedites
229 870 263 925 ab
277 868 374 924 dextro
387 884 472 924 ootnu
486 867 595 940 egregie
608 885 773 941 pugnavere,
785 867 857 924 hand
867 867 990 942 segniter
1001 889 1039 926 re·

103 948 262 1008 sistentibus
271 946 389 1003 Volscis.
419 945 477 1002 Ser.
490 945 627 1022 Sulpicius
636 965 685 1021 per
693 947 812 1004 mediam
824 945 946 1003 hostiurn
958 947 1039 1005 aoiom

103 1044 167 1084 oum
180 1027 304 1102 equitatu
317 1025 449 1102 perrupit.
489 1025 573 1084 Unde
587 1043 672 1099 quum
683 1026 780 1083 eidem
794 1027 893 1084 reuerti
905 1039 1001 1102 posset
1009 1027 1041 1084 ed

103 1126 176 1174 suos,
197 1107 272 1182 priris
286 1104 368 1180 quim
382 1103 468 1160 hostis
486 1105 610 1161 turbatos
628 1105 737 1161 ordines
750 1105 882 1172 reficeret,
902 1119 983 1181 terga
995 1107 1041 1162 im·

103 1203 225 1262 pugnare
237 1185 357 1242 hostium
369 1184 453 1240 satius
461 1183 550 1240 visum
561 1196 612 1241 est.
652 1182 853 1260 Momentoque
864 1185 1007 1261 temporis,
1017 1185 1046 1241 in·

103 1281 225 1323 aversam
242 1263 516 1328 inconsonantiam,
530 1262 642 1338 ancipiti
656 1275 759 1320 terrore
770 1264 931 1340 dissipasset
945 1263 1046 1331 tronea

104 1344 131 1401 ni
146 1363 197 1400 suo
215 1345 325 1419 proprio
341 1362 405 1399 oum
419 1343 524 1418 proelio
541 1343 647 1417 equites
661 1341 824 1400 Volscorurn
838 1355 867 1400 et
881 1344 1040 1418 Aequorum

104 1434 251 1498 exceptum
265 1422 433 1496 aliquamdiu
446 1421 608 1479 tenuissent.
648 1420 692 1478 Ibi
705 1418 770 1478 verit
783 1422 933 1498 Sulpiuius‚
948 1441 1046 1498 negare*

105 1501 275 1558 ‘vounotandi
289 1513 398 1576 tempus
409 1519 477 1567 esse,
489 1502 689 1558 oiroumventos
701 1501 920 1577 interclusosque
934 1503 970 1568 ab
983 1503 1042 1558 suis'

104 1581 265 1647 vociferans,
280 1589 288 1614 ‘
301 1579 330 1636 ni
344 1591 471 1654 equestre
481 1581 615 1655 proelium
629 1580 735 1637 connisi
746 1581 819 1636 omni
834 1581 860 1636 vi
874 1582 1041 1656 perficerent.

106 1668 119 1736 ‘j
131 1659 192 1717 Neo
204 1660 299 1734 fugare
312 1659 433 1733 equitem
454 1659 592 1734 integrum
608 1660 674 1716 satis
692 1677 761 1728 esse,
782 1661 951 1717 conticerent
964 1681 1042 1736 equos

106 1739 263 1814 “virosque
283 1738 393 1812 nequis
413 1737 588 1795 revelleretur
607 1739 672 1796 inde
691 1740 726 1796 ud
747 1739 890 1815 proelium,
911 1752 964 1797 ant
979 1741 1042 1796 inte·
1092 1787 1093 1790 ,

105 1825 219 1892 “grurot
232 1835 361 1894 pugnarn.
402 1813 467 1873 Non
481 1835 561 1893 posse
575 1818 637 1874 illos
651 1819 777 1875 resistere
789 1819 850 1885 sibi,
868 1820 1043 1894 quibus—oonu

107 1905 120 1935 ‘³
128 1898 199 1954 farta
212 1897 337 1973 peditum
350 1896 423 1954 acies
437 1896 580 1954 cessisset!
621 1898 706 1954 Haud
718 1898 810 1954 surdis
822 1899 944 1955 *auribus
956 1899 1042 1956 diota:
1092 1947 1093 1950 ,

106 1977 285 2054 impressione
306 1976 362 2032 unia
384 1987 476 2033 totum
495 1978 647 2051 equitatum
665 1977 772 2044 fudere,
790 1997 916 2052 magnam
940 1978 993 2034 rim
1012 1997 1043 2033 ex

106 2057 184 2132 equis
199 2056 421 2133 praecipitavere,
441 2055 517 2131 ipsos
536 2074 677 2132 equosque
697 2057 810 2132 spinulis
822 2055 980 2114 confodere.
1019 2057 1042 2112 ls

106 2137 168 2192 linis
190 2155 305 2214 pugnae
322 2135 537 2211 equestrisfuit.
578 2135 667 2202 Tune,
689 2136 778 2192 adorti
799 2136 926 2228 peditum
949 2137 1040 2199 etiem.
1092 2203 1093 2206 Ἴ

106 2215 221 2273 nuncios
235 2215 269 2272 ad
283 2215 408 2271 eonsules
422 2213 462 2271 rei
475 2227 569 2290 gestae
588 2215 710 2283 mittunt,
730 2211 852 2290 ubi‘Jam
866 2215 1044 2272 inclinabatur
1092 2271 1093 2286 q

106 2291 226 2350 hostium
240 2293 322 2350 acies.
363 2293 489 2350 Nunnius
503 2295 603 2351 deinde
617 2307 646 2350 et
658 2294 829 2351 vincentibus
844 2295 980 2351 Romanis
992 2294 1046 2351 ani·
1092 2345 1093 2350 ,

107 2391 167 2430 mos
180 2372 266 2440 auxit,
285 2383 314 2428 et
327 2370 475 2428 referentes
488 2375 602 2448 gradum
616 2373 733 2449 perculit
746 2373 870 2448 Aequos.
910 2373 945 2430 In
960 2373 1044 2430 medii

107 2451 225 2528 primdm
238 2451 298 2507 acie
312 2451 382 2507 vinei
397 2453 496 2526 coepti,
510 2454 565 2526 quit
578 2453 726 2527 permissus
740 2454 879 2527 equitatus
892 2455 1042 2510 turbaverat

108 2531 226 2588 ordines.
267 2529 413 2586 Sinistrum
433 2531 531 2587 deinde
552 2551 636 2588 cornu
651 2533 685 2589 ab
698 2533 830 2596 Quinctio
851 2533 966 2590 consule
984 2531 1041 2608 pelli
1092 2577 1093 2580 ,

108 2607 283 2686 coeptum¹;=
295 2609 322 2664 in
344 2609 442 2666 dextro
463 2610 609 2686 plurimum
633 2611 733 2668 laboris
753 2611 814 2667 fuit.
855 2612 899 2668 lbi
915 2612 1041 2688 Agrippa,

107 2701 197 2746 aetate
211 2689 367 2763 viribusque
381 2689 467 2756 ferox,
488 2709 573 2764 quum
587 2691 662 2746 omni
680 2703 759 2766 parte
771 2709 879 2766 pugnae
892 2691 992 2748 meliis
1005 2707 1042 2746 res
1092 2695 1093 2698 ’

108 2768 174 2843 geri,
197 2767 278 2842 quim
293 2768 365 2844 apud
380 2788 418 2836 se,
439 2769 553 2836 videret,
573 2782 687 2845 aooepta
699 2771 777 2844 signa
793 2771 827 2826 ab
840 2769 978 2844 signiferis
990 2769 1041 2845 ipse
1092 2775 1093 2838 l

107 2847 216 2916 inferro,
230 2849 364 2922 quaedam
373 2847 466 2924 jacere
476 2849 558 2905 etiam
570 2849 598 2904 in
609 2850 745 2906 confertos
754 2847 846 2905 hostes
860 2850 962 2925 coepit.
990 2850 1041 2906 Cn·
1092 2865 1093 2914 l

102 2925 150 3002 jus
163 2926 327 3002 ignominiae
341 2939 418 2984 metu
437 2927 566 2984 tenuitati
581 2929 689 2994 milites,
712 2929 835 2984 invasere
850 2927 966 2984 hostem.
1005 2927 1041 2983 lta

107 3020 223 3080 aequata
236 3025 271 3061 ex
285 3006 361 3062 omni
374 3020 450 3082 parte
463 3005 575 3064 victoria
585 3020 637 3064 est.
679 3007 808 3064 Nuntius·
818 3020 878 3064 tum
891 3027 909 3064 a
918 3006 1042 3071 Quinctio
1092 3001 1093 3010 ’

108 3085 193 3150 venit,
209 3092 216 3120 ‘
234 3085 364 3141 victorem
375 3086 432 3161 jam
451 3106 481 3143 se
501 3086 644 3142 imminere
658 3084 780 3143 hostium
794 3087 908 3154 eastris;
927 3086 998 3143 nolle
1011 3085 1040 3141 ir·
1092 3081 1093 3132 l

108 3170 123 3202 ‘-
131 3180 267 3240 rumpere
278 3161 502 3238 antequamsuiat
510 3166 674 3221 debellatum
686 3177 714 3222 et
727 3167 754 3222 in
764 3166 875 3222 sinistro
884 3183 969 3222 cornu
978 3183 1040 3222 esse.
1092 3157 1093 3178 ¹

109 3241 229 3318 ‘-'Sijem
244 3241 360 3298 fudisset
374 3242 474 3309 hostes,
490 3245 625 3300 conferret
637 3245 672 3301 ad
686 3265 715 3302 se
729 3247 815 3320 signa,
824 3260 856 3302 ut
866 3245 948 3302 simul
956 3243 1041 3301 omnis

109 3321 268 3394 ‘exereitus
292 3321 394 3396 praedit
413 3322 563 3396 potiretur?
605 3323 702 3380 Victor
722 3325 849 3400 Agrippa
868 3345 931 3381 cum
954 3322 1041 3380 mutui
1092 3329 1093 3388 l

108 3400 289 3478 gratulatione
309 3399 343 3456 ad
362 3399 492 3458 victorem
512 3401 646 3476 collegam
667 3415 809 3478 castraque
829 3403 950 3462 hostium
965 3402 1041 3460 venit.
1092 3417 1093 3458 l

119 3539 149 3633 '4¹
171 3561 239 3640 l'inci
248 3561 331 3635 ‘coepti
344 3561 402 3624 pelli
413 3569 526 3624 coeptum.
566 3561 610 3610 See
621 3575 645 3625 p.
659 3559 698 3619 45,
714 3570 769 3610 note
781 3562 805 3610 3.
