2230 3846
442 179 566 238 LIBER
586 178 626 236 11.
945 186 1000 244 lta

80 341 152 406 veuit,
174 338 248 396 haud
270 337 408 402 dubitans,
424 337 448 394 si
460 338 602 406 senserint,
619 336 759 394 Romanor
779 350 860 398 nocte
872 341 1004 402 abituros.

77 419 165 494 ltaque
174 418 322 494 tertiifere
331 416 422 492 viguit
429 415 463 474 ad
474 428 562 474 castra
569 415 750 492 oppugnanda
758 419 878 476 veniunt.
899 419 1004 484 Quinc-

77 499 132 564 tius,
152 497 252 554 sedato
272 496 402 560 tumultu,
421 515 502 569 quem
522 507 608 552 terror
628 494 734 551 subitus
754 499 898 565 exciverat,
916 519 1002 574 quum

77 594 177 633 manere
200 575 229 632 in
251 575 375 632 tentoriis
390 575 512 648 quietum
533 574 647 630 militem
663 572 798 647 jussisset,
816 576 1002 636 Hernicorum

76 653 211 711 cohortem
232 653 263 709 in
282 653 427 710 stationem
448 653 557 718 educit;
581 651 731 709 cornicines
752 655 948 732 tubicinesque,
973 660 1003 716 in

75 751 151 808 equos
172 732 329 807 impositos,
350 749 447 790 canere
469 743 532 788 ante
559 731 657 787 vallum
679 731 769 807 jubet,
798 734 1001 812 sollicitumque

74 811 174 868 hostem
196 811 232 868 ad
254 811 345 868 lucem
366 823 468 866 tenere.
508 809 656 882 Reliquum
676 811 765 867 noctis
778 809 847 868 adei)
858 817 1002 890 tranquilla

74 891 158 946 omnia
171 890 201 945 in
216 889 313 946 castris
325 890 410 954 fuere,
424 900 456 944 ut
469 888 557 943 somni
567 884 676 961 qudque
688 888 820 947 Romanis
831 894 910 968 copia
919 907 1000 952 esset.

74 968 183 1025 Volscos
204 968 315 1044 species
335 978 499 1024 armatorum
513 966 646 1041 peditum,
660 985 729 1042 quos
742 981 771 1025 et
783 970 875 1045 plures
889 992 957 1040 esse,
972 988 1001 1030 at

73 1047 210 1104 Romanos
221 1047 364 1122 putabant,
378 1045 500 1101 fremitus
513 1043 688 1120 hinnitusque
700 1066 841 1122 equorum,
852 1051 908 1124 qui,
919 1065 947 1108 et
959 1053 1001 1108 iu·

72 1139 142 1182 sueto
156 1127 275 1182 sedente
289 1125 390 1199 equite,
404 1137 432 1180 et
444 1125 555 1199 insuper
568 1143 647 1180 aures
660 1125 778 1199 agitante
789 1128 889 1196 sonitu,
898 1131 1001 1188 saeris-

71 1205 136 1270 bont,
151 1205 277 1261 intentos
291 1203 413 1260 velutad
430 1201 563 1278 impetum
577 1200 695 1258 boatium
710 1205 807 1262 tenuit.

104 1281 197 1340 LXV·
219 1281 279 1341 Ubi
298 1281 398 1346 illuxit,
420 1281 569 1348 Romanus,
590 1281 696 1356 integer
715 1284 882 1359 satiatusque
903 1305 999 1343 somno

70 1363 219 1436 productus
233 1361 262 1417 in
275 1363 371 1426 aciem,
386 1360 486 1415 fessum
500 1358 597 1416 stando
610 1371 639 1416 et
655 1360 753 1436 vigiliis
768 1362 896 1420 Volscum
911 1366 999 1442 primo

71 1441 171 1517 impetu
187 1439 316 1517 perculit.
355 1439 519 1512 Quanquam
533 1457 639 1495 cessere
653 1440 747 1515 magis,
761 1441 843 1516 quiam
857 1444 927 1520 pulsi
936 1443 999 1502 hog.

70 1531 107 1575 tes
126 1531 210 1576 sunt:
231 1519 296 1592 quia
314 1517 348 1574 ab
368 1530 445 1592 tergo
465 1528 542 1574 erant
561 1517 632 1584 clivi,
652 1517 681 1574 in
701 1539 769 1594 quos
785 1535 848 1597 post
867 1523 999 1600 principia

69 1598 179 1673 integris
193 1595 353 1653 ordinibus¹
367 1607 443 1652 tutus
456 1607 582 1670 receptus
598 1595 659 1653 fuit.
699 1600 811 1667 Consul,
833 1601 880 1657 ubi
896 1603 931 1658 ad
945 1604 996 1660 ini·

5 1749 6 1752 Ἰ
69 1696 149 1750 quum
171 1677 266 1734 locum
282 1686 393 1732 ventum
414 1687 464 1741 est,
484 1674 555 1730 sistit
569 1675 664 1731 aciem.
705 1676 789 1734 Miles
803 1698 882 1756 aegre
897 1681 997 1751 teneri,

5 1763 6 1768 ’
68 1758 183 1813 clamare
199 1767 230 1812 et
249 1773 370 1828 poscere,
392 1761 444 1808 ‘ut
463 1753 593 1827 perculsis
613 1753 713 1812 instare
734 1755 830 1814 liceat!
871 1758 998 1818 Ferocius

69 1849 149 1910 agunt
171 1835 295 1910 equites:
316 1832 471 1889 circumfusi
488 1831 552 1888 duci
567 1833 755 1900 vociferantur,
776 1842 827 1892 ‘se
845 1849 908 1893 ante
921 1839 999 1914 signa

68 1919 77 1946 ‘
89 1914 192 1970 ituros!
235 1911 312 1968 Dum
327 1922 469 1968 cunctatur
482 1909 585 1975 consul,
597 1911 696 1968 virtute
707 1912 822 1969 militum
832 1914 925 1981 fretus,
937 1917 1000 1975 loco

68 2011 161 2067 parurn
177 1992 275 2057 fidens,
293 1989 471 2054 conclamant,
490 1996 541 2045 ‘se
555 1989 640 2045 ituros
650 1988 666 2046 ι’
687 1991 887 2066 clamoremque
899 2013 942 2050 res
955 2009 998 2052 est

69 2085 167 2129 secuta.
210 2069 286 2126 Fixis
304 2069 332 2124 in
347 2081 445 2124 terram
460 2067 530 2142 pilis,
547 2085 602 2142 quo
616 2067 729 2124 leviores
743 2070 827 2126 ardua
841 2072 996 2141 eraderent,

68 2170 147 2206 cursu
170 2149 299 2206 subeunt.
340 2146 464 2212 Volscus,
482 2145 575 2202 effusis
593 2146 628 2202 ad
645 2145 762 2222 primum
782 2149 913 2223 impetum
934 2151 997 2208 mis·

67 2229 159 2286 silibus
173 2227 246 2294 telis,
261 2245 326 2283 saxa
339 2224 490 2300 objacentis
502 2223 619 2300 pedibus
629 2224 727 2300 ingerit
737 2227 764 2283 in
773 2229 930 2296 subeuntes,
941 2245 997 2287 tur-

68 2308 199 2383 batosque
214 2306 315 2363 ictihus
328 2304 428 2361 crebris
441 2319 540 2378 urguet
553 2323 587 2358 ex
597 2303 735 2379 superiore
746 2306 815 2363 loco.
857 2306 903 2364 Sic
914 2328 998 2386 prope

68 2401 210 2443 oneratum
225 2383 290 2441 est²
304 2382 444 2439 sinistrum
460 2382 591 2438 Romanis
604 2401 697 2451 cornu,
711 2384 740 2440 ni
753 2385 930 2444 referentibus
938 2388 997 2464 jam

67 2467 180 2539 gradum
192 2462 298 2528 consul,
318 2461 483 2536 increpando
503 2461 584 2516 simul
606 2463 795 2528 temeritatem,
817 2467 897 2521 simul
922 2467 997 2542 igna-

68 2544 146 2609 viam,
162 2543 270 2620 pudore
281 2552 385 2596 metum
396 2539 569 2596 excussisset.
610 2540 747 2598 Restitere
758 2541 845 2619 primo
856 2546 998 2602 obstinatis

67 2623 181 2679 animis:
206 2620 315 2688 deinde,
329 2631 360 2675 ut
374 2617 529 2674 obtinentes
542 2617 632 2674 locum
647 2620 716 2676 vires
730 2622 851 2679 ferebant
859 2622 879 2689 ³,
893 2625 997 2681 audent

66 2701 136 2758 altro
144 2700 262 2776 gradm
273 2699 387 2762 inferra;
400 2709 437 2762 et,
448 2697 565 2753 clamore
573 2710 710 2765 renovato,
720 2714 892 2758 commovent
902 2703 997 2759 aciem.

67 2779 136 2836 Tum
152 2797 257 2843 nunus,
272 2776 377 2851 impetu
390 2787 470 2851 capto
480 2774 501 2841 ⁴,
516 2775 664 2843 enituntur,
674 2790 755 2852 atque
769 2795 933 2854 exsuperant
946 2782 997 2838 ini·

67 2859 198 2932 quitatem
219 2856 282 2913 loci.
321 2854 384 2912 ,lam
401 2874 486 2930 prope
506 2867 572 2920 erat,
587 2866 619 2911 ut
632 2855 658 2910 in
673 2876 809 2914 summum
825 2858 888 2915 clivi
896 2858 996 2935 jugum

65 2939 222 3000 eraderent,
236 2953 320 3009 quum
339 2947 416 3009 terga
431 2932 523 2989 hostes
537 2934 653 2990 dedere:
675 2935 816 3010 effusoque
830 2957 911 2994 cursu
925 2943 995 3013 pene

64 3017 171 3091 agmine
193 3033 250 3070 uno
268 3012 404 3088 fugientes
422 3024 621 3088 sequentesque
638 3013 732 3071 castris
746 3016 873 3073 incidere.
915 3017 947 3074 ln
962 3039 996 3076 eo

93 3163 100 3191 ¹
120 3161 181 3212 Post
190 3162 310 3223 principia
321 3161 417 3222 integris
425 3161 553 3215 ordinibus,
572 3159 611 3206 tha
622 3159 693 3206 ranks
705 3161 780 3208 which
791 3162 859 3210 stood
871 3163 996 3210 unbrolen

62 3228 148 3277 behind
158 3231 201 3276 the
211 3226 264 3274 first
272 3226 329 3274 line.
402 3223 412 3250 ¹
423 3229 549 3276 Onerutum
558 3237 598 3276 ert.
633 3226 733 3276 Pulsum
741 3240 776 3276 est
785 3230 903 3285 oneribus,
913 3228 996 3278 driven

62 3297 120 3346 back
134 3295 427 3356 withrhehearystones.
528 3293 654 3350 'Ut,&c.
692 3295 829 3358 According
846 3307 871 3344 to
885 3298 995 3355 Ruperti,

63 3367 98 3412 As
110 3365 148 3412 far
160 3378 187 3408 as
198 3361 259 3407 their
270 3363 385 3424 strength,
398 3359 500 3422 leeping
511 3361 541 3406 its
552 3359 655 3422 ground,
667 3361 793 3421 permitted
803 3365 882 3420 rhem3
899 3363 995 3408 accord-

61 3433 102 3494 ing
111 3443 137 3480 to
150 3431 239 3484 Stroth,
249 3429 296 3475 and
306 3431 388 3482 better,
402 3429 489 3485 When,-
501 3429 532 3488 by
542 3425 644 3489 keeping
656 3427 716 3474 their
727 3428 829 3490 ground,
842 3427 896 3486 they
907 3427 994 3473 receir.

60 3499 89 3546 ed
102 3499 168 3546 fresh
181 3497 297 3559 strength.
397 3495 406 3524 ⁴
423 3499 518 3557 Impetu
530 3504 605 3556 copto,
617 3494 705 3558 having
717 3493 827 3555 acquired
839 3493 901 3540 fresh
910 3492 995 3555 vigour
