2224 3862
388 165 392 169 ’
436 199 560 260 arnan
581 197 633 260 rr.
715 193 719 207 ’
934 201 1019 274 ,aaa

175 357 228 414 lius
244 357 360 424 Cossus,
382 358 416 416 C.
432 357 564 417 Servilius
581 358 679 418 Ahala.
720 361 841 418 ‘Artem
857 359 1017 419 adbibitam’

80 427 135 532 ἓξ
176 438 269 493 lerunt
282 457 299 494 a
312 437 443 514 patriciis,
458 439 553 516 (cujus
567 459 614 495 eos
628 439 695 496 lcilii
709 451 768 496 tum
780 442 889 516 quoque
903 441 1017 496 insimu-

125 515 132 530 '
174 516 285 584 labent)
300 524 308 550 ‘
322 513 513 591 quadrurbem
528 518 702 593 indignorum
714 521 920 576 candidatorum
931 519 1016 576 inter-

7 591 8 638 ἓ
81 594 241 652 ‘miscendo
261 596 360 669 dignit,
382 597 474 653 taedio
490 598 611 654 sordium
633 597 659 654 in
681 599 844 672 quibusdam
858 599 1016 673 insignium,

79 674 231 750 ‘populum
243 675 384 750 aplebeiis
393 675 572 732 avertissent!
602 676 734 735 ‘Volscos
742 677 842 734 deinde
853 690 881 734 et
893 683 1015 752 Aequos,
1079 681 1083 686 ’

7 747 8 783 l
79 760 144 810 ‘seu
167 753 344 810 Carventana
364 773 412 810 arx
425 767 534 812 retenta
546 755 573 811 in
591 775 678 830 spem,
699 775 749 812 seu
764 755 917 830 Verrugine
934 757 1015 814 amia·

78 839 155 888 ‘sum
170 833 341 907 praesidium
356 833 391 890 ad
407 834 475 890 iram
495 835 690 910 compulisset,'
703 836 776 892 fama
792 834 905 892 affertur
920 844 927 869 ⁸
940 855 1016 892 sum·

77 912 141 968 ‘nib
164 912 193 966 vi
217 913 254 967 ad
277 912 377 968 bellum
401 925 533 970 coortost
562 927 647 990 caput
668 933 758 970 rerum
785 915 915 970 Antiates
936 931 1015 970 esee:

77 997 192 1046 ‘ennam
211 990 317 1065 legatos
338 991 481 1066 utriusque
501 993 591 1066 gentis
610 993 729 1068 populos
749 993 917 1060 circumisse,
934 993 1015 1050 casti·

6 1123 7 1134 ,
76 1076 192 1144 ‘gentes
201 1069 354 1143 ignaviam,
371 1072 471 1145 ‘quoq
479 1071 565 1128 abditi
575 1071 645 1128 intra
657 1091 756 1137 muros,
767 1071 1014 1148 populabundosin

5 1183 7 1220 ,
76 1149 178 1224 “agris
198 1149 292 1222 vagari
308 1149 448 1206 Romanos
470 1149 560 1225 priore
578 1169 658 1216 anno,
678 1164 707 1207 et
721 1152 839 1227 opprimi
854 1149 1015 1224 Verruginis

76 1227 285 1304 “praesidium,
307 1229 378 1304 passi
399 1241 500 1285 essent.
540 1229 604 1286 Jam
628 1249 683 1286 non
704 1230 842 1286 exercitus
863 1231 947 1286 ruoilb
973 1247 1015 1286 ar·

5 1323 7 1384 ξ
75 1313 91 1340 “
104 1318 204 1373 mutos,
216 1306 267 1362 sed
278 1308 398 1364 colonias
407 1307 500 1374 etiarn,
513 1307 541 1363 in
551 1327 615 1364 suos
626 1309 695 1364 lines
706 1309 795 1366 mitti:
809 1329 860 1366 nec
871 1308 945 1384 ipsos
956 1327 1017 1365 mo·

75 1392 91 1420 “
103 1383 140 1442 do
152 1386 297 1443 Romanos
310 1405 360 1442 sua
373 1387 461 1442 divisa
475 1385 584 1454 babere,
596 1388 645 1444 aed
657 1387 834 1444 Ferentinum
845 1389 928 1444 otiam
940 1388 975 1444 de
984 1407 1015 1446 se

6 1489 7 1492 ¹
75 1473 90 1499 “
104 1478 218 1541 ceptum
232 1463 364 1522 Hernicis
374 1465 516 1522 doneissa.’'
552 1467 599 1523 Ad
609 1465 769 1543 haecquum
781 1467 1016 1540 inflammarentur

5 1559 7 1576 ²
72 1544 164 1609 animi,
186 1556 220 1600 ut
240 1545 275 1600 ud
293 1563 417 1620 quosque
432 1557 544 1602 ventum
561 1558 628 1612 erat,
649 1565 780 1603 numerus
795 1545 936 1622 juniorum
951 1565 1032 1604 con·.

5 1631 6 1634 ’
73 1624 252 1681 scribebatur.
293 1624 337 1680 lta
352 1624 475 1680 omnium
490 1625 653 1699 populorum
670 1625 803 1702 juventus
818 1626 935 1684 Antium
950 1644 1017 1682 con·

73 1717 167 1767 unctu,
193 1703 232 1758 ibi
253 1702 349 1760 castris
369 1703 465 1777 positis
486 1703 592 1762 hostem
614 1706 834 1780 opperiebantur.
875 1705 954 1768 Quae
968 1703 1016 1760 ubi

72 1783 194 1840 tumultu
216 1781 319 1858 majore
339 1782 432 1848 etiarn,
454 1781 535 1858 quim
558 1803 602 1840 ree
620 1797 687 1848 erat,
706 1785 871 1841 nunciantur
885 1785 1014 1850 Romam,

73 1873 184 1919 senatus
199 1861 341 1936 extempio
355 1862 445 1935 (quod
459 1863 487 1917 in
501 1863 583 1919 rebus
597 1863 711 1938 trepidis
728 1863 855 1920 ultimum
869 1863 1014 1919 consilium

73 1943 145 2016 erat)
161 1941 326 1997 dictatorern
342 1941 396 1996 dici
405 1941 498 2016 jussit.
539 1941 652 2003 ‘Quam
674 1961 731 1997 rem
752 1961 833 2014 aegre
854 1960 948 2014 passos
961 1940 1013 1998 Ju-

72 2029 80 2056 ⁴
93 2019 161 2076 lium
178 2018 403 2094 Corneliumque'
418 2020 526 2084 seruam
548 2027 726 2094 ‘magnoque
747 2019 896 2096 certamine
909 2019 1017 2075 animo-

73 2108 154 2156 ‘rnm
170 2118 229 2155 rem
245 2111 351 2156 actam:
372 2117 457 2174 quum
472 2099 605 2174 primores
620 2098 742 2166 Petrum,
752 2093 933 2173 nequicquam
948 2116 1015 2154 con·
1055 2127 1060 2140 =

73 2179 194 2253 ‘questi‚
216 2197 271 2234 non
284 2197 345 2234 ease
364 2178 392 2233 in
413 2175 596 2234 auctoritate¹
617 2177 728 2234 senatus
748 2178 872 2234 tribunos
887 2177 1014 2250 militum,

72 2253 236 2334 ‘postremb
253 2256 336 2312 etiarn
357 2258 481 2314 tribunos
501 2257 591 2333 plebei
611 2257 787 2332 appellarent,
808 2271 837 2313 et
856 2257 1014 2314 consulibus

72 2333 206 2412 ‘qunque
219 2337 255 2392 ab
268 2337 302 2392 eri
314 2348 452 2412 potestate
472 2336 526 2392 vim
548 2355 631 2411 super
651 2336 697 2393 teli
719 2357 748 2394 re
763 2335 914 2394 inhibitam’
930 2336 1012 2393 relar-

72 2429 150 2474 rent:
172 2416 277 2472 tribuni
298 2417 395 2491 plebei,
417 2415 481 2472 laeti
499 2416 637 2473 discordiis
652 2416 775 2482 Petrum,
797 2415 887 2472 ‘nibil
908 2435 968 2472 esre
985 2415 1014 2470 in

73 2495 136 2552 ‘his
150 2495 248 2552 auxilii
262 2495 393 2562 dicerent,
409 2496 455 2570 qui
470 2514 524 2550 non
539 2495 649 2559 civium,
670 2515 724 2552 non
738 2495 857 2569 (lenique
871 2495 1013 2550 hominnm

72 2583 212 2632 ‘numero
226 2575 377 2640 essent31i
391 2575 502 2648 quando
516 2574 665 2650 promiscui
675 2574 800 2641 honores,
812 2575 1015 2630 communicata

73 2653 252 2729 ‘respublica
264 2665 345 2718 esset,
367 2665 426 2710 turn
440 2673 470 2710 se
484 2655 729 2720 animadversuros,
750 2673 785 2709 ne
804 2672 866 2727 qua,
887 2653 1016 2728 snperbia

73 2741 81 2768 ⁴
94 2733 315 2808 magistratuum,
331 2732 406 2789 irrita
419 2732 531 2789 senatus
544 2734 668 2789 consulta
681 2743 789 2795 essent:
808 2731 916 2788 interim
931 2731 1015 2809 patri·

73 2813 137 2880 ‘cii,
159 2812 245 2868 soluti
259 2812 350 2884 legum
366 2812 629 2886 magistratuumque
648 2811 820 2876 verecundia,
841 2829 891 2886 per
903 2831 933 2869 se
947 2807 1015 2886 qub·

73 2900 148 2968 ‘que
162 2891 339 2948 tribuniciam
354 2904 518 2966 potestatem
533 2889 662 2966 agerent!

110 2969 209 3028 LVll.
234 2971 312 3026 Haec
326 2971 467 3027 contentio
477 2971 590 3026 minime
600 2971 700 3026 idoneo
711 2980 843 3043 ternpore,
855 2987 940 3043 quum
954 2979 1014 3026 tan·

73 3063 130 3108 tum
146 3051 213 3108 belli
227 3050 255 3105 in
271 3051 416 3105 manibus²
432 3063 513 3113 esset,
535 3061 717 3124 occupaverat
733 3045 913 3122 cogitationes
928 3047 1015 3104 homi·

73 3149 156 3188 num:
178 3131 277 3195 donec,
293 3128 340 3184 ubi
354 3129 401 3184 diu
412 3128 524 3185 alternis
531 3129 625 3186 ,Julius
637 3127 846 3202 Corneliusque,
862 3137 869 3161 ⁶
884 3147 968 3202 quum
980 3127 1016 3184 ad

74 3210 122 3266 ‘id
137 3208 243 3266 bellum
258 3208 310 3282 ipsi
324 3209 390 3264 satis
403 3207 495 3264 idonei
516 3208 602 3264 (luces
620 3218 722 3272 essent,
742 3225 797 3262 non
812 3225 872 3262 esse
886 3224 1015 3279 aequum,

74 3289 257 3344 ‘mandatum
279 3286 331 3342 sibi
350 3306 366 3342 a
384 3287 486 3364 populo
506 3286 575 3362 cripi
596 3283 745 3352 honorem,'
766 3286 935 3341 disseruere:
956 3297 1017 3340 turn

73 3367 165 3426 Ahala
181 3366 313 3424 Servilius
327 3365 453 3423 tribunus
467 3363 596 3432 militum,
619 3363 771 3420 ‘Tacuisse
786 3382 815 3418 se
831 3360 954 3426 tamdiu,’
969 3362 1020 3426 ait,

104 3479 111 3508 ¹
131 3479 178 3526 See
194 3494 219 3540 p.
241 3477 297 3536 170,
316 3486 372 3524 note
389 3477 413 3525 la
505 3471 515 3500 ²
533 3475 565 3523 So
577 3491 612 3522 we
629 3491 678 3537 say,
691 3474 716 3521 in
733 3471 797 3520 hand
807 3489 815 3530 ς
832 3471 872 3516 the
892 3468 981 3526 Greek,
1000 3472 1019 3518 b

72 3567 150 3614 auur·
850 3567 852 3572 ·
