2230 3846
103 187 161 252 tls
491 183 651 287 ‘TLLIVII

244 349 353 408 XLIII.
374 351 410 415 Q.
431 350 532 408 Fabius
551 351 616 410 inde
630 363 658 408 et
673 351 705 410 C.
720 351 812 410 Julius
825 353 951 410 consules
964 351 1054 424 facti.

205 429 249 487 Eo
268 449 340 487 anno
360 451 414 486 non
435 431 545 506 segnior
565 431 701 488 discordia
720 433 803 496 domi,
821 443 849 488 et
862 433 964 490 bellurn
979 427 1060 488 soris

205 509 324 566 atrocius
344 511 404 566 fuit.
451 511 496 566 Ab
518 511 624 584 Aequis
651 529 726 567 arma
752 523 869 586 sumpta.
912 511 1060 586 Vejentes

105 607 200 664 agrum
220 585 333 663 qubque
355 589 542 646 Romanorum
564 590 726 664 populantes
747 591 874 647 inierunt.
915 589 1059 658 Quorum

205 668 336 724 bellorum
352 681 491 725 crescente
505 669 579 734 cuni,
595 668 631 724 K.
647 667 747 725 Fabius
761 681 790 725 et
805 671 851 745 Sp.
865 669 964 726 Furius
979 687 1058 726 con-

105 737 162 840 3·Ἱὲ
204 747 277 804 sales
291 748 369 804 fiunt.
410 749 553 812 Ortonam,
570 747 696 804 Latinam
710 747 815 810 urbem.
832 749 925 823 Aequi
937 763 1059 824 oppug-

155 824 162 852 ·'
204 827 313 883 nabunt.
354 825 649 903 Vejeuter‚plenijam
663 828 900 903 populationum,
923 828 1057 884 Romam

104 903 190 980 ipsam
201 924 231 962 se
242 919 447 981 oppugnaturos
459 905 638 962 minabantur.
672 906 727 969 Qui
739 918 863 972 terrores,
873 926 958 981 quum
969 925 1059 963 com-

103 1001 216 1058 pescere
237 982 377 1050 debe‘rent,
399 1003 499 1041 auxere
517 983 628 1060 iusuper
641 986 746 1041 animos
759 985 861 1059 plebis:
882 987 1059 1060 redibatque

104 1081 159 1118 non
179 1063 230 1120 sud
249 1078 346 1140 sponte
367 1063 440 1138 plebi
461 1081 520 1119 mos
538 1063 708 1120 detrectandi
728 1065 861 1121 militiam.
903 1065 981 1122 sed2
1000 1067 1058 1140 Sp.

105 1140 231 1198 Licinius
242 1144 367 1199 tribuous
379 1143 473 1216 plebis,
490 1143 613 1199 ‘venisse
623 1142 740 1218 tempus’
749 1157 823 1200 ratus
838 1151 846 1178 ‘
860 1163 909 1220 per
918 1143 1059 1200 ultimum

106 1222 320 1278 ‘necessitatem
336 1223 403 1296 legis
417 1221 538 1296 agrariae
555 1223 682 1278 Patribus
696 1221 896 1298 injungendae*
917 1243 1058 1298 suscepe-

105 1313 148 1356 rat
167 1309 225 1356 ram
247 1301 390 1358 militarem
409 1301 624 1377 impediendam.
666 1301 795 1359 Ceterum
811 1315 869 1358 tota
882 1303 988 1359 invidia
1002 1302 1058 1358 tri·

106 1379 231 1436 bonicias
252 1381 394 1452 potestatis
410 1400 486 1436 versa
506 1382 534 1436 in
554 1373 695 1438 auctore'm
716 1394 774 1437 est:
795 1383 887 1438 necin
902 1401 966 1438 eum
984 1401 1059 1438 cou-

105 1456 179 1532 sules
197 1460 294 1526 actius,
309 1458 391 1534 quiam
406 1459 491 1534 ipsius
505 1459 564 1536 ejus
579 1461 707 1534 collegae,
722 1461 809 1517 oodrti
827 1473 910 1517 sunt:
931 1461 1059 1517 auxilio-

107 1556 161 1611 que
182 1557 277 1594 eorum
298 1539 435 1594 delectum
457 1539 582 1596 consules
596 1539 706 1596 habent.
749 1539 797 1596 Ad
811 1539 867 1596 duo
880 1540 964 1596 simul
977 1539 1059 1596 bellu

106 1617 243 1672 exercitus
257 1617 392 1674 sut-ibitur.
433 1617 587 1675 Duoendus
602 1618 686 1674 Fabio
696 1619 724 1676 in
739 1621 862 1693 Aequos,
872 1619 902 1674 in
914 1618 1057 1696 Vejentes

106 1693 191 1752 Furio
205 1697 294 1752 datur.
335 1695 373 1752 Et
387 1695 415 1751 in
432 1697 591 1773 Vejentibus
605 1698 716 1771 quidem
730 1697 795 1754 nihi}
810 1698 924 1773 dignum
941 1717 1057 1773 merno-

105 1774 146 1830 riit
165 1787 274 1850 gestum
295 1787 345 1832 est.
387 1773 472 1832 Fabio
492 1777 630 1850 aliquanto
649 1777 711 1852 plus
731 1778 835 1852 negotii
852 1796 916 1834 cum
931 1777 1054 1843 civibus,

107 1853 188 1928 quam
204 1874 268 1912 curu
282 1852 416 1920 hostibus,
430 1856 491 1912 fuit.
533 1857 612 1914 Unus
626 1856 672 1912 illo
685 1857 727 1913 vir
739 1857 797 1932 ipse
812 1857 906 1913 consul
917 1857 1056 1930 rempub·

107 1931 186 1990 licam
208 1934 346 2000 sustinuit,
360 1953 442 2009 quarn
456 1935 592 1992 exercitus
606 1935 670 1992 odio
684 1936 811 2002 consulis,
826 1948 961 2010 quantum
977 1936 1008 1990 in
1024 1955 1057 1992 ss

107 2011 168 2078 fuit,
188 2015 330 2090 prodebat.
373 2013 544 2090 Numquam
566 2015 669 2080 consul,
690 2028 798 2092 praeter
811 2027 916 2072 ceteras
929 2015 1057 2090 imperu-

108 2093 192 2148 torias
212 2105 291 2160 artes,
308 2111 375 2168 quas
394 2094 516 2168 parando
529 2094 704 2168 gerendoque
717 2094 792 2150 bello
805 2093 892 2150 edidit
906 2092 1056 2170 plurimas,

108 2170 149 2226 ita
169 2172 342 2228 instruxisset
362 2173 459 2239 aciem,
480 2185 520 2239 ut,
541 2173 600 2229 solo
614 2169 743 2248 'equitatu
765 2173 874 2238 emisso,
895 2173 1056 2230 exercitum

109 2247 230 2306 hostium
251 2252 386 2316 funderet,
405 2252 511 2326 insequi
531 2252 606 2309 fusos
624 2253 709 2328 pedes
723 2253 819 2308 uoluit.
862 2251 922 2308 Nec
935 2251 1011 2318 illos,
1028 2263 1058 2308 et

108 2327 132 2382 si
152 2347 206 2384 uon
221 2329 376 2386 adhortatio
390 2331 470 2386 invisi
484 2332 570 2398 ducis,
585 2351 665 2387 suum
680 2333 774 2388 saltem
789 2331 921 2406 flagitium
936 2344 967 2387 et
981 2331 1057 2406 pub-

108 2405 191 2464 licum
211 2410 238 2464 in
253 2409 406 2485 praesentia
419 2409 548 2475 dedecus,
562 2413 708 2485 postmodo
722 2410 883 2486 periculum,
903 2410 927 2466 si
941 2411 1057 2466 animus

108 2483 181 2544 hosti
195 2489 318 2553 redisset,
333 2507 431 2562 cogere
445 2489 535 2564 potuit
549 2490 663 2564 gradum
678 2491 845 2555 accelerare;
864 2502 921 2556 aut,
937 2489 961 2544 si
976 2490 1057 2546 aliud

108 2563 184 2632 nihil,
196 2568 297 2624 instare
308 2568 455 2624 instructos
464 2566 484 2623 ³.
524 2567 636 2643 Injussu
650 2571 727 2644 signa
740 2570 870 2635 referunt,
885 2569 1055 2643 moestique,

108 2661 164 2721 irin)
183 2665 261 2708 whom
280 2665 334 2724 they
347 2661 393 2710 had
410 2661 542 2716 consulted,
560 2664 700 2726 (consulti.)
718 2665 854 2712 sometimes
871 2667 902 2726 by
914 2663 1057 2725 inspecting

108 2729 213 2785 entrails,
223 2739 247 2777 at
257 2733 324 2777 other
336 2732 404 2776 times
414 2733 444 2792 by
452 2747 535 2778 omens
544 2731 625 2777 drawn
638 2733 699 2778 from
710 2731 782 2787 birds,
795 2733 851 2777 than
864 2733 916 2778 that
928 2733 996 2778 there
1005 2747 1056 2777 was

109 2797 245 2860 somethlng
259 2798 374 2846 defective
386 2798 411 2844 in
423 2801 463 2845 the
475 2800 639 2858 performance
647 2799 676 2846 ol
684 2801 723 2846 the
730 2799 811 2846 sacred
819 2799 883 2846 rites.
956 2799 963 2827 ¹
986 2803 1058 2848 Pleni

101 2866 158 2928 jum
165 2870 352 2928 populationum,
367 2883 419 2912 now
432 2866 531 2914 satiated
541 2867 596 2912 with
610 2867 735 2930 pillaging.
805 2867 814 2895 ⁹
832 2871 884 2923 Sed,
897 2865 1019 2928 referring
1032 2877 1057 2914 to

109 2951 156 2982 non
168 2931 212 2982 sati
223 2945 304 2997 sponte
312 2935 336 2980 in
350 2937 390 2981 the
399 2933 527 2997 preceding
537 2945 655 2982 sentence.
726 2935 735 2963 ¹
747 2933 805 2981 This
815 2943 935 2990 sentence,
946 2934 1026 2980 which
1037 2934 1057 2979 is

109 3002 239 3048 somewhat
247 3001 364 3064 startling‚
372 3003 433 3048 from
442 3001 472 3047 its
480 3019 535 3064 very
543 3001 655 3062 elliptical
663 3003 732 3059 form,
741 3017 795 3065 may
801 3005 829 3048 be
838 3003 893 3048 thus
901 3001 1057 3062 completcdr

111 3069 178 3124 illos,
192 3069 246 3115 etsi
259 3085 307 3116 non
319 3070 452 3117 adhortatio
461 3069 529 3116 invisi
540 3069 608 3116 ducis
614 3077 734 3132 potuisset.
748 3067 819 3116 situm
830 3069 912 3116 saltem
923 3067 1056 3131 flagitium,

109 3146 134 3184 et
148 3136 275 3197 publicum
293 3137 318 3182 in
335 3137 468 3198 praesentiri
485 3137 597 3192 dedecus,
615 3137 742 3199 postmodo
758 3136 902 3199 perleulum,
918 3137 939 3182 si
956 3137 1057 3184 animus

109 3205 171 3251 hosti
185 3203 290 3259 redisset,
309 3219 395 3266 cogere
411 3217 471 3254 certe
486 3211 596 3267 potuisset
614 3205 716 3266 gradum
734 3205 877 3262 accelerare3
896 3213 947 3260 aut,
961 3203 982 3250 si
995 3205 1057 3252 nihil

110 3272 176 3321 aliud
189 3272 277 3318 instare
291 3272 427 3324 Instructos.
446 3288 490 3319 nec
510 3272 561 3336 (sed
574 3275 634 3328 uon)
652 3272 738 3332 potuit.
778 3273 836 3320 This
847 3273 867 3318 is
878 3273 918 3318 the
930 3272 990 3333 only
1002 3289 1057 3336 way

110 3349 136 3389 to
147 3340 202 3402 give
218 3340 257 3384 the
270 3339 340 3385 effect
351 3339 379 3384 of
393 3341 432 3385 tlte
449 3352 470 3388 rt
482 3343 510 3394 si,
528 3355 587 3386 even
603 3340 726 3400 although,
741 3339 895 3400 followedby
907 3340 948 3385 the
960 3344 1056 3398 saltem,

110 3417 135 3454 st
145 3407 221 3465 least;
235 3409 279 3452 but
291 3406 374 3468 giving
383 3407 448 3452 these
457 3406 534 3453 words
546 3423 560 3452 a
571 3407 682 3454 different
696 3408 767 3462 lotoe,
777 3423 813 3454 we
824 3423 879 3468 may
888 3405 1004 3454 translate
1017 3409 1057 3456 tlte

111 3485 222 3522 sentence
234 3475 304 3521 thus:
328 3475 386 3528 Nor,
400 3483 424 3520 to
435 3489 475 3535 say
488 3475 589 3537 nothing
601 3475 629 3522 oi'
643 3476 682 3520 the
694 3475 855 3520 exhortations
866 3475 895 3521 oi'
909 3474 972 3520 their
980 3475 1056 3522 *hateri

112 3542 217 3603 general,
229 3539 301 3590 could
313 3555 372 3588 even
384 3541 424 3588 the
435 3540 526 3603 iufamy
535 3541 649 3605 accruing
660 3551 685 3589 to
697 3541 844 3600 themselves,
856 3541 903 3590 aud
915 3542 957 3589 tlte
969 3541 1057 3590 imme.

104 422 128 456 u.
139 420 162 456 c.

105 472 164 524 272.
