<?xml version="1.0" encoding="UTF-8"?>
<!DOCTYPE html PUBLIC "-//W3C//DTD XHTML 1.0 Transitional//EN"
    "http://www.w3.org/TR/xhtml1/DTD/xhtml1-transitional.dtd">
<html xmlns="http://www.w3.org/1999/xhtml" xml:lang="en" lang="en">
 <head>
  <title>
</title>
<meta http-equiv="Content-Type" content="text/html;charset=utf-8" />
  <meta name='ocr-system' content='tesseract 3.04.00' />
  <meta name='ocr-capabilities' content='ocr_page ocr_carea ocr_par ocr_line ocrx_word'/>
</head>
<body>
  <div class='ocr_page' id='page_1' title='image "./titiliviipatavi04livygoog_0115.png"; bbox 0 0 2230 3846; ppageno 0'>
   <div class='ocr_carea' id='block_1_1' title="bbox 470 200 1028 264">
    <p class='ocr_par' dir='ltr' id='par_1_1' title="bbox 470 200 1028 264">
     <span class='ocr_line' id='line_1_1' title="bbox 470 200 1028 264; baseline 0.005 -3"><span class='ocrx_word' id='word_1_1' title='bbox 470 200 594 262; x_wconf 88' lang='lat' dir='ltr'>LIBER</span> <span class='ocrx_word' id='word_1_2' title='bbox 615 201 654 260; x_wconf 90' lang='lat'>11.</span> <span class='ocrx_word' id='word_1_3' title='bbox 969 206 1028 264; x_wconf 78' lang='grc'>108</span> 
     </span>
    </p>
   </div>
   <div class='ocr_carea' id='block_1_2' title="bbox 14 361 1027 2894">
    <p class='ocr_par' dir='ltr' id='par_1_2' title="bbox 14 361 1027 2894">
     <span class='ocr_line' id='line_1_2' title="bbox 80 361 1027 438; baseline 0.002 -18"><span class='ocrx_word' id='word_1_4' title='bbox 80 363 241 420; x_wconf 82' lang='lat' dir='ltr'>mastitere.</span> <span class='ocrx_word' id='word_1_5' title='bbox 276 361 461 420; x_wconf 72' lang='lat' dir='ltr'><strong>Multitudine</strong></span> <span class='ocrx_word' id='word_1_6' title='bbox 474 362 641 437; x_wconf 78' lang='lat' dir='ltr'>aliquantum</span> <span class='ocrx_word' id='word_1_7' title='bbox 657 361 751 419; x_wconf 89' lang='lat' dir='ltr'>Volsci</span> <span class='ocrx_word' id='word_1_8' title='bbox 764 363 937 438; x_wconf 86' lang='lat' dir='ltr'>superabant.</span> <span class='ocrx_word' id='word_1_9' title='bbox 969 363 1027 423; x_wconf 84' lang='lat' dir='ltr'>lta·</span> 
     </span>
     <span class='ocr_line' id='line_1_3' title="bbox 76 441 1025 518; baseline 0.004 -20"><span class='ocrx_word' id='word_1_10' title='bbox 76 461 126 516; x_wconf 87' lang='lat' dir='ltr'>que</span> <span class='ocrx_word' id='word_1_11' title='bbox 137 443 228 500; x_wconf 84' lang='lat' dir='ltr'>effusi</span> <span class='ocrx_word' id='word_1_12' title='bbox 247 455 276 500; x_wconf 84' lang='lat' dir='ltr'>et</span> <span class='ocrx_word' id='word_1_13' title='bbox 296 443 477 518; x_wconf 78' lang='lat' dir='ltr'><strong>contemptim</strong></span> <span class='ocrx_word' id='word_1_14' title='bbox 491 461 612 518; x_wconf 88' lang='lat' dir='ltr'>pugnam</span> <span class='ocrx_word' id='word_1_15' title='bbox 626 441 720 498; x_wconf 74' lang='lat' dir='ltr'>iniere.</span> <span class='ocrx_word' id='word_1_16' title='bbox 761 442 865 498; x_wconf 86' lang='lat' dir='ltr'>Consul</span> <span class='ocrx_word' id='word_1_17' title='bbox 881 444 1025 502; x_wconf 88' lang='lat' dir='ltr'>Romanus</span> 
     </span>
     <span class='ocr_line' id='line_1_4' title="bbox 75 521 1025 600; baseline 0.003 -22"><span class='ocrx_word' id='word_1_18' title='bbox 75 537 122 580; x_wconf 82' lang='lat' dir='ltr'>nco</span> <span class='ocrx_word' id='word_1_19' title='bbox 136 523 282 598; x_wconf 87' lang='lat' dir='ltr'>promovit</span> <span class='ocrx_word' id='word_1_20' title='bbox 295 523 392 588; x_wconf 87' lang='lat' dir='ltr'>aciem,</span> <span class='ocrx_word' id='word_1_21' title='bbox 406 541 458 578; x_wconf 89' lang='lat' dir='ltr'>nec</span> <span class='ocrx_word' id='word_1_22' title='bbox 468 522 614 579; x_wconf 88' lang='lat' dir='ltr'>clamorem</span> <span class='ocrx_word' id='word_1_23' title='bbox 626 521 703 576; x_wconf 84' lang='lat' dir='ltr'>reddi</span> <span class='ocrx_word' id='word_1_24' title='bbox 714 539 818 596; x_wconf 86' lang='lat' dir='ltr'>passus,</span> <span class='ocrx_word' id='word_1_25' title='bbox 833 523 949 580; x_wconf 83' lang='lat' dir='ltr'>‘defixis</span> <span class='ocrx_word' id='word_1_26' title='bbox 962 523 1025 600; x_wconf 86' lang='lat' dir='ltr'>pilis</span> 
     </span>
     <span class='ocr_line' id='line_1_5' title="bbox 76 598 1022 678; baseline 0.003 -21.815"><span class='ocrx_word' id='word_1_27' title='bbox 76 607 171 658; x_wconf 76' lang='lat' dir='ltr'>‘sture</span> <span class='ocrx_word' id='word_1_28' title='bbox 200 599 274 658; x_wconf 83' lang='lat' dir='ltr'>suoe’</span> <span class='ocrx_word' id='word_1_29' title='bbox 297 600 400 678; x_wconf 86' lang='lat' dir='ltr'>jussit:</span> <span class='ocrx_word' id='word_1_30' title='bbox 429 602 497 657; x_wconf 86' lang='lat' dir='ltr'>‘nbi</span> <span class='ocrx_word' id='word_1_31' title='bbox 517 601 552 657; x_wconf 88' lang='lat' dir='ltr'>ad</span> <span class='ocrx_word' id='word_1_32' title='bbox 574 599 822 656; x_wconf 81' lang='lat' dir='ltr'>manumvenisset</span> <span class='ocrx_word' id='word_1_33' title='bbox 842 598 938 669; x_wconf 83' lang='lat' dir='ltr'>hortis,</span> <span class='ocrx_word' id='word_1_34' title='bbox 961 616 1022 660; x_wconf 88' lang='lat' dir='ltr'>tum</span> 
     </span>
     <span class='ocr_line' id='line_1_6' title="bbox 14 677 1022 755; baseline 0.001 -17"><span class='ocrx_word' id='word_1_35' title='bbox 14 677 15 712; x_wconf 68' lang='lat'>³</span> <span class='ocrx_word' id='word_1_36' title='bbox 76 686 210 738; x_wconf 77' lang='lat' dir='ltr'>‘codrms</span> <span class='ocrx_word' id='word_1_37' title='bbox 223 681 284 738; x_wconf 74' lang='lat' dir='ltr'>toti</span> <span class='ocrx_word' id='word_1_38' title='bbox 297 681 323 736; x_wconf 89' lang='lat' dir='ltr'>vi</span> <span class='ocrx_word' id='word_1_39' title='bbox 337 680 434 755; x_wconf 90' lang='lat' dir='ltr'>gladiis</span> <span class='ocrx_word' id='word_1_40' title='bbox 447 699 504 736; x_wconf 88' lang='lat' dir='ltr'>rem</span> <span class='ocrx_word' id='word_1_41' title='bbox 519 677 630 754; x_wconf 82' lang='lat' dir='ltr'>gerere&#39;</span> <span class='ocrx_word' id='word_1_42' title='bbox 658 679 761 745; x_wconf 87' lang='lat' dir='ltr'>Volsci,</span> <span class='ocrx_word' id='word_1_43' title='bbox 773 697 854 736; x_wconf 85' lang='lat' dir='ltr'>cursu</span> <span class='ocrx_word' id='word_1_44' title='bbox 865 692 893 736; x_wconf 92' lang='lat' dir='ltr'>et</span> <span class='ocrx_word' id='word_1_45' title='bbox 903 681 1022 740; x_wconf 87' lang='lat' dir='ltr'>clamore</span> 
     </span>
     <span class='ocr_line' id='line_1_7' title="bbox 75 758 1022 835; baseline 0.002 -19"><span class='ocrx_word' id='word_1_46' title='bbox 75 760 145 826; x_wconf 84' lang='lat' dir='ltr'>lessi,</span> <span class='ocrx_word' id='word_1_47' title='bbox 168 780 259 835; x_wconf 89' lang='lat' dir='ltr'>quum</span> <span class='ocrx_word' id='word_1_48' title='bbox 280 781 310 816; x_wconf 88' lang='lat' dir='ltr'>se</span> <span class='ocrx_word' id='word_1_49' title='bbox 323 760 400 816; x_wconf 86' lang='lat' dir='ltr'>velut</span> <span class='ocrx_word' id='word_1_50' title='bbox 416 759 589 835; x_wconf 81' lang='lat' dir='ltr'>stupentibus</span> <span class='ocrx_word' id='word_1_51' title='bbox 610 769 686 814; x_wconf 90' lang='lat' dir='ltr'>metu</span> <span class='ocrx_word' id='word_1_52' title='bbox 706 758 862 815; x_wconf 78' lang='lat' dir='ltr'><strong>intulissent</strong></span> <span class='ocrx_word' id='word_1_53' title='bbox 879 759 1022 829; x_wconf 87' lang='lat' dir='ltr'>Romanis,</span> 
     </span>
     <span class='ocr_line' id='line_1_8' title="bbox 75 838 1022 915; baseline 0.003 -20"><span class='ocrx_word' id='word_1_54' title='bbox 75 851 223 914; x_wconf 87' lang='lat' dir='ltr'>postquam</span> <span class='ocrx_word' id='word_1_55' title='bbox 245 839 453 915; x_wconf 77' lang='lat' dir='ltr'>impressionem</span> <span class='ocrx_word' id='word_1_56' title='bbox 474 857 584 894; x_wconf 75' lang='lat' dir='ltr'>sensere</span> <span class='ocrx_word' id='word_1_57' title='bbox 605 855 640 893; x_wconf 87' lang='lat' dir='ltr'>ex</span> <span class='ocrx_word' id='word_1_58' title='bbox 653 838 768 893; x_wconf 82' lang='lat' dir='ltr'>adverso</span> <span class='ocrx_word' id='word_1_59' title='bbox 787 839 896 904; x_wconf 82' lang='lat' dir='ltr'>factam,</span> <span class='ocrx_word' id='word_1_60' title='bbox 915 853 944 896; x_wconf 89' lang='lat' dir='ltr'>et</span> <span class='ocrx_word' id='word_1_61' title='bbox 957 853 1022 898; x_wconf 88' lang='lat' dir='ltr'>aute</span> 
     </span>
     <span class='ocr_line' id='line_1_9' title="bbox 76 915 1021 992; baseline 0.001 -17"><span class='ocrx_word' id='word_1_62' title='bbox 76 918 171 975; x_wconf 87' lang='lat' dir='ltr'>oculos</span> <span class='ocrx_word' id='word_1_63' title='bbox 185 919 290 975; x_wconf 79' lang='lat' dir='ltr'>micare</span> <span class='ocrx_word' id='word_1_64' title='bbox 303 917 417 992; x_wconf 83' lang='lat' dir='ltr'>gladios,</span> <span class='ocrx_word' id='word_1_65' title='bbox 439 916 512 974; x_wconf 87' lang='lat' dir='ltr'>haud</span> <span class='ocrx_word' id='word_1_66' title='bbox 533 935 621 982; x_wconf 87' lang='lat' dir='ltr'>secus,</span> <span class='ocrx_word' id='word_1_67' title='bbox 643 915 726 990; x_wconf 74' lang='lat' dir='ltr'>quim</span> <span class='ocrx_word' id='word_1_68' title='bbox 746 917 770 972; x_wconf 91' lang='lat' dir='ltr'>si</span> <span class='ocrx_word' id='word_1_69' title='bbox 785 917 813 972; x_wconf 93' lang='lat' dir='ltr'>in</span> <span class='ocrx_word' id='word_1_70' title='bbox 828 917 940 974; x_wconf 86' lang='lat' dir='ltr'>insidias</span> <span class='ocrx_word' id='word_1_71' title='bbox 953 919 1021 976; x_wconf 88' lang='lat' dir='ltr'>inci·</span> 
     </span>
     <span class='ocr_line' id='line_1_10' title="bbox 76 995 1021 1072; baseline 0.003 -20"><span class='ocrx_word' id='word_1_72' title='bbox 76 997 189 1065; x_wconf 83' lang='lat' dir='ltr'>dissent,</span> <span class='ocrx_word' id='word_1_73' title='bbox 210 998 315 1054; x_wconf 89' lang='lat' dir='ltr'>turbati</span> <span class='ocrx_word' id='word_1_74' title='bbox 329 1008 440 1054; x_wconf 86' lang='lat' dir='ltr'>vertunt</span> <span class='ocrx_word' id='word_1_75' title='bbox 454 1009 543 1072; x_wconf 73' lang='lat' dir='ltr'>tergat</span> <span class='ocrx_word' id='word_1_76' title='bbox 565 1008 594 1051; x_wconf 87' lang='lat' dir='ltr'>et</span> <span class='ocrx_word' id='word_1_77' title='bbox 607 1013 642 1050; x_wconf 90' lang='lat' dir='ltr'>ne</span> <span class='ocrx_word' id='word_1_78' title='bbox 660 995 695 1051; x_wconf 89' lang='lat' dir='ltr'>ad</span> <span class='ocrx_word' id='word_1_79' title='bbox 713 995 806 1070; x_wconf 82' lang='lat' dir='ltr'>fugem</span> <span class='ocrx_word' id='word_1_80' title='bbox 826 997 937 1071; x_wconf 89' lang='lat' dir='ltr'>quidem</span> <span class='ocrx_word' id='word_1_81' title='bbox 954 999 1021 1056; x_wconf 81' lang='lat' dir='ltr'>sutis</span> 
     </span>
     <span class='ocr_line' id='line_1_11' title="bbox 76 1074 1020 1151; baseline 0.002 -19"><span class='ocrx_word' id='word_1_82' title='bbox 76 1076 174 1132; x_wconf 78' lang='lat' dir='ltr'>virium</span> <span class='ocrx_word' id='word_1_83' title='bbox 195 1077 258 1144; x_wconf 89' lang='lat' dir='ltr'>fuit,</span> <span class='ocrx_word' id='word_1_84' title='bbox 281 1075 345 1151; x_wconf 87' lang='lat' dir='ltr'>quis</span> <span class='ocrx_word' id='word_1_85' title='bbox 358 1095 440 1133; x_wconf 90' lang='lat' dir='ltr'>cursu</span> <span class='ocrx_word' id='word_1_86' title='bbox 454 1076 481 1131; x_wconf 92' lang='lat' dir='ltr'>in</span> <span class='ocrx_word' id='word_1_87' title='bbox 496 1074 629 1151; x_wconf 87' lang='lat' dir='ltr'>proelium</span> <span class='ocrx_word' id='word_1_88' title='bbox 643 1074 740 1131; x_wconf 85' lang='lat' dir='ltr'>ierant.</span> <span class='ocrx_word' id='word_1_89' title='bbox 781 1075 901 1132; x_wconf 88' lang='lat' dir='ltr'>Romani</span> <span class='ocrx_word' id='word_1_90' title='bbox 914 1077 1020 1146; x_wconf 75' lang='lat' dir='ltr'>contri,</span> 
     </span>
     <span class='ocr_line' id='line_1_12' title="bbox 77 1153 1019 1232; baseline 0 -20"><span class='ocrx_word' id='word_1_91' title='bbox 77 1157 138 1228; x_wconf 77' lang='lat' dir='ltr'>quia</span> <span class='ocrx_word' id='word_1_92' title='bbox 154 1156 294 1232; x_wconf 88' lang='lat' dir='ltr'>principio</span> <span class='ocrx_word' id='word_1_93' title='bbox 315 1173 424 1231; x_wconf 86' lang='lat' dir='ltr'>pugnae</span> <span class='ocrx_word' id='word_1_94' title='bbox 443 1155 530 1229; x_wconf 81' lang='lat' dir='ltr'>quieti</span> <span class='ocrx_word' id='word_1_95' title='bbox 550 1166 691 1219; x_wconf 86' lang='lat' dir='ltr'>steterant,</span> <span class='ocrx_word' id='word_1_96' title='bbox 707 1153 829 1230; x_wconf 83' lang='lat' dir='ltr'>vigentes</span> <span class='ocrx_word' id='word_1_97' title='bbox 849 1156 1019 1230; x_wconf 80' lang='lat' dir='ltr'>corporibus,</span> 
     </span>
     <span class='ocr_line' id='line_1_13' title="bbox 77 1233 1020 1311; baseline 0.004 -23"><span class='ocrx_word' id='word_1_98' title='bbox 77 1233 154 1292; x_wconf 69' lang='lat' dir='ltr'>facile</span> <span class='ocrx_word' id='word_1_99' title='bbox 170 1236 267 1311; x_wconf 81' lang='lat' dir='ltr'>adepti</span> <span class='ocrx_word' id='word_1_100' title='bbox 281 1236 375 1300; x_wconf 79' lang='lat' dir='ltr'>fessos,</span> <span class='ocrx_word' id='word_1_101' title='bbox 393 1247 422 1291; x_wconf 88' lang='lat' dir='ltr'>et</span> <span class='ocrx_word' id='word_1_102' title='bbox 435 1247 523 1291; x_wconf 86' lang='lat' dir='ltr'>castra</span> <span class='ocrx_word' id='word_1_103' title='bbox 536 1233 642 1308; x_wconf 89' lang='lat' dir='ltr'>impetu</span> <span class='ocrx_word' id='word_1_104' title='bbox 656 1245 797 1308; x_wconf 87' lang='lat' dir='ltr'>ceperunt,</span> <span class='ocrx_word' id='word_1_105' title='bbox 811 1245 848 1298; x_wconf 88' lang='lat' dir='ltr'>et,</span> <span class='ocrx_word' id='word_1_106' title='bbox 863 1235 958 1290; x_wconf 85' lang='lat' dir='ltr'>castris</span> <span class='ocrx_word' id='word_1_107' title='bbox 972 1255 1020 1292; x_wconf 80' lang='lat' dir='ltr'>er-</span> 
     </span>
     <span class='ocr_line' id='line_1_14' title="bbox 78 1312 1018 1389; baseline 0.002 -20"><span class='ocrx_word' id='word_1_108' title='bbox 78 1327 155 1370; x_wconf 88' lang='lat' dir='ltr'>utum</span> <span class='ocrx_word' id='word_1_109' title='bbox 180 1313 291 1371; x_wconf 89' lang='lat' dir='ltr'>hostem</span> <span class='ocrx_word' id='word_1_110' title='bbox 306 1313 426 1370; x_wconf 88' lang='lat' dir='ltr'>Velitras</span> <span class='ocrx_word' id='word_1_111' title='bbox 449 1313 595 1389; x_wconf 86' lang='lat' dir='ltr'>persecuti,</span> <span class='ocrx_word' id='word_1_112' title='bbox 616 1331 673 1367; x_wconf 93' lang='lat' dir='ltr'>uno</span> <span class='ocrx_word' id='word_1_113' title='bbox 692 1313 801 1386; x_wconf 88' lang='lat' dir='ltr'>agmine</span> <span class='ocrx_word' id='word_1_114' title='bbox 815 1312 933 1370; x_wconf 81' lang='lat' dir='ltr'>victores</span> <span class='ocrx_word' id='word_1_115' title='bbox 955 1333 1018 1371; x_wconf 91' lang='lat' dir='ltr'>cum</span> 
     </span>
     <span class='ocr_line' id='line_1_15' title="bbox 77 1391 1020 1469; baseline 0.001 -20"><span class='ocrx_word' id='word_1_116' title='bbox 77 1395 155 1450; x_wconf 80' lang='lat' dir='ltr'>victis</span> <span class='ocrx_word' id='word_1_117' title='bbox 169 1393 199 1449; x_wconf 92' lang='lat' dir='ltr'>iu</span> <span class='ocrx_word' id='word_1_118' title='bbox 213 1393 313 1450; x_wconf 88' lang='lat' dir='ltr'>urbem</span> <span class='ocrx_word' id='word_1_119' title='bbox 328 1394 458 1469; x_wconf 86' lang='lat' dir='ltr'>irrupere.</span> <span class='ocrx_word' id='word_1_120' title='bbox 501 1392 621 1465; x_wconf 82' lang='lat' dir='ltr'>Plusque</span> <span class='ocrx_word' id='word_1_121' title='bbox 638 1391 676 1446; x_wconf 92' lang='lat' dir='ltr'>ibi</span> <span class='ocrx_word' id='word_1_122' title='bbox 695 1391 844 1466; x_wconf 87' lang='lat' dir='ltr'>sanguinis,</span> <span class='ocrx_word' id='word_1_123' title='bbox 863 1393 1020 1468; x_wconf 75' lang='lat' dir='ltr'>promiscui</span> 
     </span>
     <span class='ocr_line' id='line_1_16' title="bbox 78 1469 1018 1548; baseline 0.001 -21"><span class='ocrx_word' id='word_1_124' title='bbox 78 1473 200 1530; x_wconf 88' lang='lat' dir='ltr'>omnium</span> <span class='ocrx_word' id='word_1_125' title='bbox 220 1492 352 1548; x_wconf 89' lang='lat' dir='ltr'>generum</span> <span class='ocrx_word' id='word_1_126' title='bbox 372 1473 465 1538; x_wconf 89' lang='lat' dir='ltr'>caede,</span> <span class='ocrx_word' id='word_1_127' title='bbox 480 1469 563 1545; x_wconf 76' lang='lat' dir='ltr'>quim</span> <span class='ocrx_word' id='word_1_128' title='bbox 583 1471 611 1526; x_wconf 92' lang='lat' dir='ltr'>in</span> <span class='ocrx_word' id='word_1_129' title='bbox 625 1471 684 1546; x_wconf 81' lang='lat' dir='ltr'>iperi</span> <span class='ocrx_word' id='word_1_130' title='bbox 700 1470 884 1537; x_wconf 85' lang='lat' dir='ltr'>dimicatione,</span> <span class='ocrx_word' id='word_1_131' title='bbox 906 1473 1018 1530; x_wconf 83' lang='lat' dir='ltr'>lactum.</span> 
     </span>
     <span class='ocr_line' id='line_1_17' title="bbox 79 1549 932 1625; baseline -0.002 -17"><span class='ocrx_word' id='word_1_132' title='bbox 79 1552 176 1609; x_wconf 84' lang='lat' dir='ltr'>Paucis</span> <span class='ocrx_word' id='word_1_133' title='bbox 190 1553 257 1609; x_wconf 88' lang='lat' dir='ltr'>data</span> <span class='ocrx_word' id='word_1_134' title='bbox 271 1553 358 1616; x_wconf 80' lang='lat' dir='ltr'>venia,</span> <span class='ocrx_word' id='word_1_135' title='bbox 373 1551 420 1625; x_wconf 92' lang='lat' dir='ltr'>qui</span> <span class='ocrx_word' id='word_1_136' title='bbox 433 1551 551 1606; x_wconf 87' lang='lat' dir='ltr'>inermes</span> <span class='ocrx_word' id='word_1_137' title='bbox 564 1549 593 1604; x_wconf 93' lang='lat' dir='ltr'>in</span> <span class='ocrx_word' id='word_1_138' title='bbox 606 1550 775 1606; x_wconf 88' lang='lat' dir='ltr'>deditionem</span> <span class='ocrx_word' id='word_1_139' title='bbox 790 1563 932 1608; x_wconf 83' lang='lat' dir='ltr'>venerunt.</span> 
     </span>
     <span class='ocr_line' id='line_1_18' title="bbox 115 1629 1017 1702; baseline 0 -15"><span class='ocrx_word' id='word_1_140' title='bbox 115 1630 228 1688; x_wconf 88' lang='lat' dir='ltr'><strong>XXXI.</strong></span> <span class='ocrx_word' id='word_1_141' title='bbox 249 1631 327 1687; x_wconf 89' lang='lat' dir='ltr'>Dum</span> <span class='ocrx_word' id='word_1_142' title='bbox 349 1629 416 1687; x_wconf 86' lang='lat' dir='ltr'>haec</span> <span class='ocrx_word' id='word_1_143' title='bbox 437 1630 464 1684; x_wconf 92' lang='lat' dir='ltr'>in</span> <span class='ocrx_word' id='word_1_144' title='bbox 481 1629 587 1685; x_wconf 86' lang='lat' dir='ltr'>Volscis</span> <span class='ocrx_word' id='word_1_145' title='bbox 605 1643 745 1702; x_wconf 84' lang='lat' dir='ltr'>geruntur,</span> <span class='ocrx_word' id='word_1_146' title='bbox 760 1630 877 1686; x_wconf 86' lang='lat' dir='ltr'>dictator</span> <span class='ocrx_word' id='word_1_147' title='bbox 893 1632 1017 1698; x_wconf 86' lang='lat' dir='ltr'>Sabinos,</span> 
     </span>
     <span class='ocr_line' id='line_1_19' title="bbox 79 1707 1019 1786; baseline 0.002 -20"><span class='ocrx_word' id='word_1_148' title='bbox 79 1710 123 1766; x_wconf 89' lang='lat' dir='ltr'>ubi</span> <span class='ocrx_word' id='word_1_149' title='bbox 141 1712 225 1786; x_wconf 76' lang='lat' dir='ltr'>longe</span> <span class='ocrx_word' id='word_1_150' title='bbox 245 1709 396 1786; x_wconf 86' lang='lat' dir='ltr'>plurimum</span> <span class='ocrx_word' id='word_1_151' title='bbox 416 1707 482 1764; x_wconf 91' lang='lat' dir='ltr'>belli</span> <span class='ocrx_word' id='word_1_152' title='bbox 495 1709 592 1774; x_wconf 85' lang='lat' dir='ltr'>fuerat,</span> <span class='ocrx_word' id='word_1_153' title='bbox 612 1708 711 1774; x_wconf 82' lang='lat' dir='ltr'>fundit,</span> <span class='ocrx_word' id='word_1_154' title='bbox 725 1709 865 1783; x_wconf 78' lang='lat' dir='ltr'>fugatque,</span> <span class='ocrx_word' id='word_1_155' title='bbox 887 1711 1019 1785; x_wconf 77' lang='lat' dir='ltr'>exuitque</span> 
     </span>
     <span class='ocr_line' id='line_1_20' title="bbox 81 1787 1017 1864; baseline 0 -18"><span class='ocrx_word' id='word_1_156' title='bbox 81 1790 179 1846; x_wconf 84' lang='lat' dir='ltr'>castris.</span> <span class='ocrx_word' id='word_1_157' title='bbox 218 1789 354 1864; x_wconf 91' lang='lat' dir='ltr'>Equitatu</span> <span class='ocrx_word' id='word_1_158' title='bbox 364 1788 487 1844; x_wconf 86' lang='lat' dir='ltr'>immisso</span> <span class='ocrx_word' id='word_1_159' title='bbox 496 1787 614 1843; x_wconf 82' lang='lat' dir='ltr'>mediam</span> <span class='ocrx_word' id='word_1_160' title='bbox 624 1790 779 1844; x_wconf 87' lang='lat' dir='ltr'>turbaverat</span> <span class='ocrx_word' id='word_1_161' title='bbox 788 1787 910 1844; x_wconf 88' lang='lat' dir='ltr'>hostiurn</span> <span class='ocrx_word' id='word_1_162' title='bbox 920 1791 1017 1857; x_wconf 88' lang='lat' dir='ltr'>aciem,</span> 
     </span>
     <span class='ocr_line' id='line_1_21' title="bbox 82 1866 1018 1944; baseline 0 -19"><span class='ocrx_word' id='word_1_163' title='bbox 82 1869 138 1942; x_wconf 81' lang='lat' dir='ltr'>qui,</span> <span class='ocrx_word' id='word_1_164' title='bbox 159 1869 227 1925; x_wconf 92' lang='lat' dir='ltr'>dum</span> <span class='ocrx_word' id='word_1_165' title='bbox 249 1889 279 1925; x_wconf 89' lang='lat' dir='ltr'>se</span> <span class='ocrx_word' id='word_1_166' title='bbox 300 1887 404 1924; x_wconf 91' lang='lat' dir='ltr'>cornua</span> <span class='ocrx_word' id='word_1_167' title='bbox 422 1866 503 1923; x_wconf 83' lang='lat' dir='ltr'>latibs</span> <span class='ocrx_word' id='word_1_168' title='bbox 523 1867 656 1944; x_wconf 85' lang='lat' dir='ltr'>pandunt,</span> <span class='ocrx_word' id='word_1_169' title='bbox 677 1885 772 1941; x_wconf 89' lang='lat' dir='ltr'>parurn</span> <span class='ocrx_word' id='word_1_170' title='bbox 792 1870 856 1942; x_wconf 77' lang='lat' dir='ltr'>apte</span> <span class='ocrx_word' id='word_1_171' title='bbox 870 1868 1018 1925; x_wconf 79' lang='lat' dir='ltr'>introrsum</span> 
     </span>
     <span class='ocr_line' id='line_1_22' title="bbox 82 1945 1019 2020; baseline -0.001 -16"><span class='ocrx_word' id='word_1_172' title='bbox 82 1948 217 2004; x_wconf 87' lang='lat' dir='ltr'>ordinibus</span> <span class='ocrx_word' id='word_1_173' title='bbox 227 1947 315 2004; x_wconf 82' lang='lat' dir='ltr'>aciem</span> <span class='ocrx_word' id='word_1_174' title='bbox 328 1948 500 2002; x_wconf 86' lang='lat' dir='ltr'>firmaverant</span> <span class='ocrx_word' id='word_1_175' title='bbox 513 1955 526 2000; x_wconf 85' lang='lat'>¹.</span> <span class='ocrx_word' id='word_1_176' title='bbox 569 1945 706 2001; x_wconf 85' lang='lat' dir='ltr'>Turbatus</span> <span class='ocrx_word' id='word_1_177' title='bbox 719 1946 805 2020; x_wconf 89' lang='lat' dir='ltr'>pedes</span> <span class='ocrx_word' id='word_1_178' title='bbox 813 1945 920 2002; x_wconf 81' lang='lat' dir='ltr'>invasit.</span> <span class='ocrx_word' id='word_1_179' title='bbox 961 1947 1019 2004; x_wconf 87' lang='lat' dir='ltr'>Eo·</span> 
     </span>
     <span class='ocr_line' id='line_1_23' title="bbox 82 2025 1018 2102; baseline -0.003 -20"><span class='ocrx_word' id='word_1_180' title='bbox 82 2027 140 2082; x_wconf 89' lang='lat' dir='ltr'>dem</span> <span class='ocrx_word' id='word_1_181' title='bbox 160 2027 269 2102; x_wconf 88' lang='lat' dir='ltr'>impetu</span> <span class='ocrx_word' id='word_1_182' title='bbox 290 2039 380 2082; x_wconf 86' lang='lat' dir='ltr'>castra</span> <span class='ocrx_word' id='word_1_183' title='bbox 399 2037 487 2100; x_wconf 83' lang='lat' dir='ltr'>copta,</span> <span class='ocrx_word' id='word_1_184' title='bbox 509 2025 731 2098; x_wconf 77' lang='lat' dir='ltr'>debellatumque</span> <span class='ocrx_word' id='word_1_185' title='bbox 751 2037 793 2079; x_wconf 85' lang='lat' dir='ltr'>est</span> <span class='ocrx_word' id='word_1_186' title='bbox 805 2029 826 2079; x_wconf 88' lang='lat'>².</span> <span class='ocrx_word' id='word_1_187' title='bbox 868 2025 935 2081; x_wconf 85' lang='lat' dir='ltr'>Post</span> <span class='ocrx_word' id='word_1_188' title='bbox 948 2045 1018 2100; x_wconf 80' lang='lat' dir='ltr'>pug-</span> 
     </span>
     <span class='ocr_line' id='line_1_24' title="bbox 83 2103 1017 2179; baseline 0 -19"><span class='ocrx_word' id='word_1_189' title='bbox 83 2107 188 2162; x_wconf 84' lang='lat' dir='ltr'>named</span> <span class='ocrx_word' id='word_1_190' title='bbox 204 2105 344 2179; x_wconf 85' lang='lat' dir='ltr'>Regillum</span> <span class='ocrx_word' id='word_1_191' title='bbox 359 2105 449 2162; x_wconf 88' lang='lat' dir='ltr'>lacum</span> <span class='ocrx_word' id='word_1_192' title='bbox 464 2123 519 2160; x_wconf 93' lang='lat' dir='ltr'>non</span> <span class='ocrx_word' id='word_1_193' title='bbox 533 2105 586 2160; x_wconf 88' lang='lat' dir='ltr'>alia</span> <span class='ocrx_word' id='word_1_194' title='bbox 598 2103 652 2158; x_wconf 87' lang='lat' dir='ltr'>illis</span> <span class='ocrx_word' id='word_1_195' title='bbox 662 2103 740 2159; x_wconf 85' lang='lat' dir='ltr'>suuis</span> <span class='ocrx_word' id='word_1_196' title='bbox 750 2121 843 2178; x_wconf 85' lang='lat' dir='ltr'>pugne</span> <span class='ocrx_word' id='word_1_197' title='bbox 852 2103 948 2159; x_wconf 86' lang='lat' dir='ltr'>clarior</span> <span class='ocrx_word' id='word_1_198' title='bbox 956 2105 1017 2162; x_wconf 79' lang='lat' dir='ltr'>fuir.</span> 
     </span>
     <span class='ocr_line' id='line_1_25' title="bbox 84 2180 1017 2259; baseline 0.003 -20"><span class='ocrx_word' id='word_1_199' title='bbox 84 2183 207 2242; x_wconf 86' lang='lat' dir='ltr'>Dictator</span> <span class='ocrx_word' id='word_1_200' title='bbox 220 2183 393 2259; x_wconf 85' lang='lat' dir='ltr'>triumphans</span> <span class='ocrx_word' id='word_1_201' title='bbox 407 2184 501 2239; x_wconf 89' lang='lat' dir='ltr'>urbem</span> <span class='ocrx_word' id='word_1_202' title='bbox 512 2180 658 2238; x_wconf 86' lang='lat' dir='ltr'>invehitur.</span> <span class='ocrx_word' id='word_1_203' title='bbox 701 2181 790 2256; x_wconf 85' lang='lat' dir='ltr'>Super</span> <span class='ocrx_word' id='word_1_204' title='bbox 797 2181 892 2237; x_wconf 85' lang='lat' dir='ltr'>solitos</span> <span class='ocrx_word' id='word_1_205' title='bbox 900 2180 1017 2242; x_wconf 88' lang='lat' dir='ltr'>honores</span> 
     </span>
     <span class='ocr_line' id='line_1_26' title="bbox 82 2261 1016 2338; baseline -0.001 -17"><span class='ocrx_word' id='word_1_206' title='bbox 82 2263 151 2321; x_wconf 87' lang='lat' dir='ltr'>locus</span> <span class='ocrx_word' id='word_1_207' title='bbox 166 2265 195 2320; x_wconf 91' lang='lat' dir='ltr'>iu</span> <span class='ocrx_word' id='word_1_208' title='bbox 209 2265 284 2322; x_wconf 89' lang='lat' dir='ltr'>circo</span> <span class='ocrx_word' id='word_1_209' title='bbox 298 2264 349 2338; x_wconf 92' lang='lat' dir='ltr'>ipsi</span> <span class='ocrx_word' id='word_1_210' title='bbox 363 2263 535 2338; x_wconf 84' lang='lat' dir='ltr'>posterisque</span> <span class='ocrx_word' id='word_1_211' title='bbox 548 2262 582 2318; x_wconf 81' lang='lat' dir='ltr'>ad</span> <span class='ocrx_word' id='word_1_212' title='bbox 596 2261 782 2338; x_wconf 85' lang='lat' dir='ltr'>spectaculum</span> <span class='ocrx_word' id='word_1_213' title='bbox 797 2262 893 2327; x_wconf 84' lang='lat' dir='ltr'>datus;</span> <span class='ocrx_word' id='word_1_214' title='bbox 914 2263 980 2320; x_wconf 88' lang='lat' dir='ltr'>selle</span> <span class='ocrx_word' id='word_1_215' title='bbox 989 2265 1016 2321; x_wconf 95' lang='lat' dir='ltr'>in</span> 
     </span>
     <span class='ocr_line' id='line_1_27' title="bbox 81 2340 1018 2418; baseline 0.003 -20"><span class='ocrx_word' id='word_1_216' title='bbox 81 2361 110 2398; x_wconf 89' lang='lat' dir='ltr'>eo</span> <span class='ocrx_word' id='word_1_217' title='bbox 135 2343 199 2400; x_wconf 89' lang='lat' dir='ltr'>loco</span> <span class='ocrx_word' id='word_1_218' title='bbox 225 2343 329 2400; x_wconf 91' lang='lat' dir='ltr'>curulis</span> <span class='ocrx_word' id='word_1_219' title='bbox 356 2343 453 2418; x_wconf 86' lang='lat' dir='ltr'>positu.</span> <span class='ocrx_word' id='word_1_220' title='bbox 495 2340 602 2398; x_wconf 89' lang='lat' dir='ltr'>Volscis</span> <span class='ocrx_word' id='word_1_221' title='bbox 629 2340 743 2396; x_wconf 88' lang='lat' dir='ltr'>devictis</span> <span class='ocrx_word' id='word_1_222' title='bbox 768 2340 925 2398; x_wconf 85' lang='lat' dir='ltr'>Veliternus</span> <span class='ocrx_word' id='word_1_223' title='bbox 953 2363 1018 2418; x_wconf 83' lang='lat' dir='ltr'>eger</span> 
     </span>
     <span class='ocr_line' id='line_1_28' title="bbox 79 2419 1018 2499; baseline 0.004 -23"><span class='ocrx_word' id='word_1_224' title='bbox 79 2423 239 2499; x_wconf 82' lang='lat' dir='ltr'>ademptus:</span> <span class='ocrx_word' id='word_1_225' title='bbox 261 2421 380 2479; x_wconf 85' lang='lat' dir='ltr'>Velitras</span> <span class='ocrx_word' id='word_1_226' title='bbox 400 2420 490 2477; x_wconf 91' lang='lat' dir='ltr'>coloni</span> <span class='ocrx_word' id='word_1_227' title='bbox 508 2422 542 2477; x_wconf 88' lang='lat' dir='ltr'>ab</span> <span class='ocrx_word' id='word_1_228' title='bbox 554 2421 622 2476; x_wconf 88' lang='lat' dir='ltr'>urbe</span> <span class='ocrx_word' id='word_1_229' title='bbox 638 2419 712 2475; x_wconf 89' lang='lat' dir='ltr'>missi</span> <span class='ocrx_word' id='word_1_230' title='bbox 726 2434 755 2475; x_wconf 90' lang='lat' dir='ltr'>et</span> <span class='ocrx_word' id='word_1_231' title='bbox 768 2420 875 2477; x_wconf 90' lang='lat' dir='ltr'>colonia</span> <span class='ocrx_word' id='word_1_232' title='bbox 888 2422 1018 2486; x_wconf 85' lang='lat' dir='ltr'>deducta,</span> 
     </span>
     <span class='ocr_line' id='line_1_29' title="bbox 81 2496 1016 2576; baseline 0 -19"><span class='ocrx_word' id='word_1_233' title='bbox 81 2501 148 2558; x_wconf 90' lang='lat' dir='ltr'>Cum</span> <span class='ocrx_word' id='word_1_234' title='bbox 176 2501 285 2576; x_wconf 86' lang='lat' dir='ltr'>Aequis</span> <span class='ocrx_word' id='word_1_235' title='bbox 305 2496 368 2576; x_wconf 77' lang='lat' dir='ltr'>pbst</span> <span class='ocrx_word' id='word_1_236' title='bbox 388 2500 527 2574; x_wconf 84' lang='lat' dir='ltr'>eliquanto</span> <span class='ocrx_word' id='word_1_237' title='bbox 547 2511 700 2574; x_wconf 86' lang='lat' dir='ltr'>pugnatum</span> <span class='ocrx_word' id='word_1_238' title='bbox 723 2513 774 2565; x_wconf 89' lang='lat' dir='ltr'>est,</span> <span class='ocrx_word' id='word_1_239' title='bbox 797 2500 883 2556; x_wconf 89' lang='lat' dir='ltr'>invito</span> <span class='ocrx_word' id='word_1_240' title='bbox 904 2502 1016 2576; x_wconf 89' lang='lat' dir='ltr'>quidem</span> 
     </span>
     <span class='ocr_line' id='line_1_30' title="bbox 78 2578 1017 2656; baseline 0.002 -21"><span class='ocrx_word' id='word_1_241' title='bbox 78 2581 195 2646; x_wconf 89' lang='lat' dir='ltr'>consule,</span> <span class='ocrx_word' id='word_1_242' title='bbox 209 2582 277 2656; x_wconf 86' lang='lat' dir='ltr'>quia</span> <span class='ocrx_word' id='word_1_243' title='bbox 289 2581 351 2637; x_wconf 88' lang='lat' dir='ltr'>loco</span> <span class='ocrx_word' id='word_1_244' title='bbox 365 2579 459 2654; x_wconf 89' lang='lat' dir='ltr'>iniquo</span> <span class='ocrx_word' id='word_1_245' title='bbox 472 2580 645 2636; x_wconf 88' lang='lat' dir='ltr'>subeundum</span> <span class='ocrx_word' id='word_1_246' title='bbox 660 2579 761 2634; x_wconf 84' lang='lat' dir='ltr'>erutarl</span> <span class='ocrx_word' id='word_1_247' title='bbox 772 2578 882 2646; x_wconf 87' lang='lat' dir='ltr'>hostes;</span> <span class='ocrx_word' id='word_1_248' title='bbox 902 2581 951 2637; x_wconf 86' lang='lat' dir='ltr'>sed</span> <span class='ocrx_word' id='word_1_249' title='bbox 966 2583 1017 2637; x_wconf 90' lang='lat' dir='ltr'>mi·</span> 
     </span>
     <span class='ocr_line' id='line_1_31' title="bbox 78 2657 1016 2737; baseline 0.003 -23"><span class='ocrx_word' id='word_1_250' title='bbox 78 2659 145 2727; x_wconf 86' lang='lat' dir='ltr'>lites,</span> <span class='ocrx_word' id='word_1_251' title='bbox 160 2669 168 2694; x_wconf 87' lang='lat'><strong><em>⁴</em></strong></span> <span class='ocrx_word' id='word_1_252' title='bbox 184 2659 293 2716; x_wconf 85' lang='lat' dir='ltr'>extrahi</span> <span class='ocrx_word' id='word_1_253' title='bbox 307 2657 373 2715; x_wconf 89' lang='lat' dir='ltr'>rem’</span> <span class='ocrx_word' id='word_1_254' title='bbox 388 2658 572 2724; x_wconf 88' lang='lat' dir='ltr'>criminantes,</span> <span class='ocrx_word' id='word_1_255' title='bbox 587 2665 594 2690; x_wconf 90' lang='lat'>‘</span> <span class='ocrx_word' id='word_1_256' title='bbox 608 2669 640 2714; x_wconf 90' lang='lat' dir='ltr'>ut</span> <span class='ocrx_word' id='word_1_257' title='bbox 653 2657 779 2723; x_wconf 86' lang='lat' dir='ltr'>dictator,</span> <span class='ocrx_word' id='word_1_258' title='bbox 789 2658 864 2733; x_wconf 82' lang='lat' dir='ltr'>priris</span> <span class='ocrx_word' id='word_1_259' title='bbox 873 2658 956 2733; x_wconf 76' lang='lat' dir='ltr'>quim</span> <span class='ocrx_word' id='word_1_260' title='bbox 964 2661 1016 2737; x_wconf 91' lang='lat' dir='ltr'>ipsi</span> 
     </span>
     <span class='ocr_line' id='line_1_32' title="bbox 78 2735 1016 2812; baseline 0.003 -18"><span class='ocrx_word' id='word_1_261' title='bbox 78 2741 219 2796; x_wconf 84' lang='lat' dir='ltr'>‘redirent</span> <span class='ocrx_word' id='word_1_262' title='bbox 235 2740 263 2794; x_wconf 88' lang='lat' dir='ltr'>in</span> <span class='ocrx_word' id='word_1_263' title='bbox 284 2739 390 2804; x_wconf 90' lang='lat' dir='ltr'>urbem,</span> <span class='ocrx_word' id='word_1_264' title='bbox 413 2737 574 2812; x_wconf 83' lang='lat' dir='ltr'>magistratu</span> <span class='ocrx_word' id='word_1_265' title='bbox 594 2735 690 2800; x_wconf 83' lang='lat' dir='ltr'>abiret,</span> <span class='ocrx_word' id='word_1_266' title='bbox 712 2737 850 2810; x_wconf 88' lang='lat' dir='ltr'>irritaque,</span> <span class='ocrx_word' id='word_1_267' title='bbox 867 2739 940 2795; x_wconf 89' lang='lat' dir='ltr'>sicut</span> <span class='ocrx_word' id='word_1_268' title='bbox 952 2743 1016 2797; x_wconf 70' lang='lat' dir='ltr'>ente</span> 
     </span>
     <span class='ocr_line' id='line_1_33' title="bbox 77 2815 1016 2894; baseline 0.001 -19"><span class='ocrx_word' id='word_1_269' title='bbox 77 2823 84 2849; x_wconf 89' lang='lat'>‘</span> <span class='ocrx_word' id='word_1_270' title='bbox 97 2819 228 2882; x_wconf 83' lang='lat' dir='ltr'>consulis,</span> <span class='ocrx_word' id='word_1_271' title='bbox 237 2817 373 2894; x_wconf 89' lang='lat' dir='ltr'>promissa</span> <span class='ocrx_word' id='word_1_272' title='bbox 380 2815 440 2894; x_wconf 88' lang='lat' dir='ltr'>ejus</span> <span class='ocrx_word' id='word_1_273' title='bbox 450 2815 596 2882; x_wconf 84' lang='lat' dir='ltr'>caderent,’</span> <span class='ocrx_word' id='word_1_274' title='bbox 607 2815 759 2891; x_wconf 87' lang='lat' dir='ltr'>perpulere,</span> <span class='ocrx_word' id='word_1_275' title='bbox 769 2830 801 2872; x_wconf 90' lang='lat' dir='ltr'>ut</span> <span class='ocrx_word' id='word_1_276' title='bbox 811 2816 881 2885; x_wconf 73' lang='lat' dir='ltr'>forte</span> <span class='ocrx_word' id='word_1_277' title='bbox 890 2830 994 2876; x_wconf 88' lang='lat' dir='ltr'>temere</span> <span class='ocrx_word' id='word_1_278' title='bbox 1004 2819 1016 2852; x_wconf 80' lang='lat'><strong>³</strong></span> 
     </span>
    </p>
   </div>
   <div class='ocr_carea' id='block_1_3' title="bbox 73 2925 1021 3600">
    <p class='ocr_par' dir='ltr' id='par_1_3' title="bbox 73 2925 1021 3600">
     <span class='ocr_line' id='line_1_34' title="bbox 106 2925 1019 2992; baseline 0 -16"><span class='ocrx_word' id='word_1_279' title='bbox 106 2930 112 2958; x_wconf 89' lang='lat'>¹</span> <span class='ocrx_word' id='word_1_280' title='bbox 133 2934 198 2984; x_wconf 84' lang='lat' dir='ltr'>Quo,</span> <span class='ocrx_word' id='word_1_281' title='bbox 210 2931 256 2976; x_wconf 73' lang='grc' dir='ltr'>διο.</span> <span class='ocrx_word' id='word_1_282' title='bbox 295 2929 390 2979; x_wconf 81' lang='lat' dir='ltr'>erere.</span> <span class='ocrx_word' id='word_1_283' title='bbox 404 2926 483 2973; x_wconf 86' lang='lat' dir='ltr'>whilst</span> <span class='ocrx_word' id='word_1_284' title='bbox 494 2927 534 2972; x_wconf 83' lang='lat' dir='ltr'>the</span> <span class='ocrx_word' id='word_1_285' title='bbox 545 2925 623 2986; x_wconf 84' lang='lat' dir='ltr'>wings</span> <span class='ocrx_word' id='word_1_286' title='bbox 636 2941 675 2972; x_wconf 88' lang='lat' dir='ltr'>ure</span> <span class='ocrx_word' id='word_1_287' title='bbox 687 2935 727 2972; x_wconf 92' lang='lat' dir='ltr'>too</span> <span class='ocrx_word' id='word_1_288' title='bbox 738 2927 810 2972; x_wconf 89' lang='lat' dir='ltr'>much</span> <span class='ocrx_word' id='word_1_289' title='bbox 824 2927 949 2986; x_wconf 69' lang='lat' dir='ltr'>emended,</span> <span class='ocrx_word' id='word_1_290' title='bbox 963 2931 1019 2992; x_wconf 80' lang='lat' dir='ltr'>they</span> 
     </span>
     <span class='ocr_line' id='line_1_35' title="bbox 73 2993 1018 3061; baseline -0.001 -18"><span class='ocrx_word' id='word_1_291' title='bbox 73 2997 117 3045; x_wconf 85' lang='lat' dir='ltr'>had</span> <span class='ocrx_word' id='word_1_292' title='bbox 129 3008 172 3044; x_wconf 85' lang='lat' dir='ltr'>not</span> <span class='ocrx_word' id='word_1_293' title='bbox 184 2995 389 3061; x_wconf 79' lang='lat' dir='ltr'>proportionstely</span> <span class='ocrx_word' id='word_1_294' title='bbox 397 2993 565 3056; x_wconf 81' lang='lat' dir='ltr'>strengthened</span> <span class='ocrx_word' id='word_1_295' title='bbox 578 2995 617 3040; x_wconf 88' lang='lat' dir='ltr'>the</span> <span class='ocrx_word' id='word_1_296' title='bbox 629 2993 684 3050; x_wconf 87' lang='lat' dir='ltr'>linc,</span> <span class='ocrx_word' id='word_1_297' title='bbox 695 2993 751 3039; x_wconf 84' lang='lat' dir='ltr'>with</span> <span class='ocrx_word' id='word_1_298' title='bbox 762 2993 833 3044; x_wconf 80' lang='lat' dir='ltr'>raulrs</span> <span class='ocrx_word' id='word_1_299' title='bbox 844 2995 956 3054; x_wconf 84' lang='lat' dir='ltr'>inwsrds‚</span> <span class='ocrx_word' id='word_1_300' title='bbox 969 2998 982 3043; x_wconf 93' lang='lat' dir='ltr'>i.</span> <span class='ocrx_word' id='word_1_301' title='bbox 997 3016 1018 3048; x_wconf 81' lang='lat' dir='ltr'>c.</span> 
     </span>
     <span class='ocr_line' id='line_1_36' title="bbox 75 3061 1021 3127; baseline 0.004 -15"><span class='ocrx_word' id='word_1_302' title='bbox 75 3067 104 3126; x_wconf 85' lang='lat' dir='ltr'>by</span> <span class='ocrx_word' id='word_1_303' title='bbox 112 3065 251 3127; x_wconf 76' lang='lat' dir='ltr'>despening</span> <span class='ocrx_word' id='word_1_304' title='bbox 259 3064 320 3110; x_wconf 84' lang='lat' dir='ltr'>their</span> <span class='ocrx_word' id='word_1_305' title='bbox 329 3062 407 3109; x_wconf 85' lang='lat' dir='ltr'>ranlrs.</span> <span class='ocrx_word' id='word_1_306' title='bbox 447 3063 509 3109; x_wconf 88' lang='lat' dir='ltr'>Such</span> <span class='ocrx_word' id='word_1_307' title='bbox 519 3077 595 3109; x_wconf 86' lang='lat' dir='ltr'>seems</span> <span class='ocrx_word' id='word_1_308' title='bbox 606 3073 631 3108; x_wconf 90' lang='lat' dir='ltr'>to</span> <span class='ocrx_word' id='word_1_309' title='bbox 640 3063 669 3107; x_wconf 89' lang='lat' dir='ltr'>be</span> <span class='ocrx_word' id='word_1_310' title='bbox 678 3062 717 3107; x_wconf 86' lang='lat' dir='ltr'>the</span> <span class='ocrx_word' id='word_1_311' title='bbox 726 3061 840 3125; x_wconf 80' lang='lat' dir='ltr'>meaning</span> <span class='ocrx_word' id='word_1_312' title='bbox 848 3063 877 3109; x_wconf 86' lang='lat' dir='ltr'>ol</span> <span class='ocrx_word' id='word_1_313' title='bbox 884 3067 1021 3126; x_wconf 82' lang='lat' dir='ltr'>introrsum,</span> 
     </span>
     <span class='ocr_line' id='line_1_37' title="bbox 75 3128 1019 3192; baseline 0.002 -14"><span class='ocrx_word' id='word_1_314' title='bbox 75 3133 133 3180; x_wconf 84' lang='lat' dir='ltr'>r&#39;rom</span> <span class='ocrx_word' id='word_1_315' title='bbox 145 3133 250 3179; x_wconf 79' lang='lat' dir='ltr'>another</span> <span class='ocrx_word' id='word_1_316' title='bbox 261 3147 368 3192; x_wconf 80' lang='lat' dir='ltr'>passage,</span> <span class='ocrx_word' id='word_1_317' title='bbox 381 3145 435 3178; x_wconf 83' lang='lat' dir='ltr'>xxv.</span> <span class='ocrx_word' id='word_1_318' title='bbox 448 3129 487 3176; x_wconf 77' lang='lat'>21.</span> <span class='ocrx_word' id='word_1_319' title='bbox 516 3130 546 3176; x_wconf 90' lang='lat' dir='ltr'>Iu</span> <span class='ocrx_word' id='word_1_320' title='bbox 557 3128 734 3190; x_wconf 87' lang='lat' dir='ltr'>longitudinem</span> <span class='ocrx_word' id='word_1_321' title='bbox 747 3140 855 3189; x_wconf 84' lang='lat' dir='ltr'>porrecto</span> <span class='ocrx_word' id='word_1_322' title='bbox 866 3131 936 3180; x_wconf 83' lang='lat' dir='ltr'>acies.</span> <span class='ocrx_word' id='word_1_323' title='bbox 964 3134 1019 3180; x_wconf 80' lang='lat' dir='ltr'>cla.</span> 
     </span>
     <span class='ocr_line' id='line_1_38' title="bbox 74 3195 1019 3262; baseline 0 -16"><span class='ocrx_word' id='word_1_324' title='bbox 74 3200 195 3248; x_wconf 77' lang='lat' dir='ltr'>ruentibus</span> <span class='ocrx_word' id='word_1_325' title='bbox 207 3199 312 3246; x_wconf 88' lang='lat' dir='ltr'>tribunis</span> <span class='ocrx_word' id='word_1_326' title='bbox 323 3197 382 3244; x_wconf 87' lang='lat' dir='ltr'>nihil</span> <span class='ocrx_word' id='word_1_327' title='bbox 393 3201 509 3247; x_wconf 79' lang='lat' dir='ltr'>introrsus</span> <span class='ocrx_word' id='word_1_328' title='bbox 520 3197 610 3244; x_wconf 87' lang='lat' dir='ltr'>roboris</span> <span class='ocrx_word' id='word_1_329' title='bbox 622 3211 650 3242; x_wconf 87' lang='lat' dir='ltr'>ac</span> <span class='ocrx_word' id='word_1_330' title='bbox 663 3195 750 3242; x_wconf 81' lang='lat' dir='ltr'>sirium</span> <span class='ocrx_word' id='word_1_331' title='bbox 762 3213 820 3254; x_wconf 81' lang='lat' dir='ltr'>esse,</span> <span class='ocrx_word' id='word_1_332' title='bbox 833 3207 857 3244; x_wconf 86' lang='lat' dir='ltr'>et</span> <span class='ocrx_word' id='word_1_333' title='bbox 868 3217 1019 3262; x_wconf 78' lang='lat' dir='ltr'>quacumque</span> 
     </span>
     <span class='ocr_line' id='line_1_39' title="bbox 75 3263 1017 3329; baseline 0 -17"><span class='ocrx_word' id='word_1_334' title='bbox 75 3268 193 3328; x_wconf 85' lang='lat' dir='ltr'>impetum</span> <span class='ocrx_word' id='word_1_335' title='bbox 208 3267 305 3314; x_wconf 77' lang='lat' dir='ltr'>fecisset</span> <span class='ocrx_word' id='word_1_336' title='bbox 321 3265 403 3322; x_wconf 86' lang='lat' dir='ltr'>hostis,</span> <span class='ocrx_word' id='word_1_337' title='bbox 421 3273 584 3327; x_wconf 79' lang='lat' dir='ltr'>percepturos.</span> <span class='ocrx_word' id='word_1_338' title='bbox 623 3265 675 3312; x_wconf 88' lang='lat' dir='ltr'>The</span> <span class='ocrx_word' id='word_1_339' title='bbox 688 3263 753 3310; x_wconf 87' lang='lat' dir='ltr'>word</span> <span class='ocrx_word' id='word_1_340' title='bbox 768 3283 915 3329; x_wconf 72' lang='lat' dir='ltr'>quacunque</span> <span class='ocrx_word' id='word_1_341' title='bbox 931 3268 952 3314; x_wconf 89' lang='lat' dir='ltr'>is</span> <span class='ocrx_word' id='word_1_342' title='bbox 968 3268 1017 3313; x_wconf 79' lang='lat' dir='ltr'>eri-</span> 
     </span>
     <span class='ocr_line' id='line_1_40' title="bbox 74 3331 1018 3398; baseline -0.001 -17"><span class='ocrx_word' id='word_1_343' title='bbox 74 3335 156 3398; x_wconf 82' lang='lat' dir='ltr'>deutly</span> <span class='ocrx_word' id='word_1_344' title='bbox 165 3335 327 3382; x_wconf 86' lang='lat' dir='ltr'>inconsistent</span> <span class='ocrx_word' id='word_1_345' title='bbox 337 3333 393 3380; x_wconf 81' lang='lat' dir='ltr'>with</span> <span class='ocrx_word' id='word_1_346' title='bbox 407 3334 509 3380; x_wconf 81' lang='lat' dir='ltr'>Stroth’s</span> <span class='ocrx_word' id='word_1_347' title='bbox 518 3331 678 3391; x_wconf 82' lang='lat' dir='ltr'>explanation,</span> <span class='ocrx_word' id='word_1_348' title='bbox 691 3336 792 3380; x_wconf 80' lang='lat' dir='ltr'>nmdium</span> <span class='ocrx_word' id='word_1_349' title='bbox 802 3337 865 3380; x_wconf 81' lang='lat' dir='ltr'>r&#39;nter</span> <span class='ocrx_word' id='word_1_350' title='bbox 873 3340 918 3380; x_wconf 72' lang='lat' dir='ltr'>deso</span> <span class='ocrx_word' id='word_1_351' title='bbox 927 3349 1018 3380; x_wconf 89' lang='lat' dir='ltr'>cornua</span> 
     </span>
     <span class='ocr_line' id='line_1_41' title="bbox 75 3398 1017 3462; baseline -0.005 -10"><span class='ocrx_word' id='word_1_352' title='bbox 75 3407 155 3452; x_wconf 68' lang='lat' dir='ltr'>actea</span> <span class='ocrx_word' id='word_1_353' title='bbox 252 3402 475 3462; x_wconf 80' lang='lat' dir='ltr'>’Debellotumquc</span> <span class='ocrx_word' id='word_1_354' title='bbox 493 3411 534 3448; x_wconf 85' lang='lat' dir='ltr'>est·</span> <span class='ocrx_word' id='word_1_355' title='bbox 572 3399 651 3458; x_wconf 82' lang='lat' dir='ltr'>Seep.</span> <span class='ocrx_word' id='word_1_356' title='bbox 664 3398 705 3454; x_wconf 82' lang='lat'>98,</span> <span class='ocrx_word' id='word_1_357' title='bbox 718 3409 780 3444; x_wconf 87' lang='lat' dir='ltr'>note.</span> <span class='ocrx_word' id='word_1_358' title='bbox 796 3400 820 3445; x_wconf 78' lang='lat'>2.</span> <span class='ocrx_word' id='word_1_359' title='bbox 909 3399 1017 3455; x_wconf 77' lang='lat' dir='ltr'>&#39;Ferre,</span> 
     </span>
     <span class='ocr_line' id='line_1_42' title="bbox 75 3463 1017 3530; baseline -0.015 -10"><span class='ocrx_word' id='word_1_360' title='bbox 75 3473 104 3530; x_wconf 78' lang='lat' dir='ltr'>by</span> <span class='ocrx_word' id='word_1_361' title='bbox 113 3473 215 3524; x_wconf 82' lang='lat' dir='ltr'>chance,</span> <span class='ocrx_word' id='word_1_362' title='bbox 228 3468 331 3520; x_wconf 76' lang='lat' dir='ltr'>without</span> <span class='ocrx_word' id='word_1_363' title='bbox 340 3483 387 3530; x_wconf 81' lang='lat' dir='ltr'>any</span> <span class='ocrx_word' id='word_1_364' title='bbox 400 3467 484 3529; x_wconf 76' lang='lat' dir='ltr'>regsrd</span> <span class='ocrx_word' id='word_1_365' title='bbox 494 3478 519 3514; x_wconf 91' lang='lat' dir='ltr'>to</span> <span class='ocrx_word' id='word_1_366' title='bbox 528 3464 596 3524; x_wconf 86' lang='lat' dir='ltr'>rule;</span> <span class='ocrx_word' id='word_1_367' title='bbox 608 3477 700 3523; x_wconf 82' lang='lat' dir='ltr'>temere,</span> <span class='ocrx_word' id='word_1_368' title='bbox 711 3464 798 3525; x_wconf 82' lang='lat' dir='ltr'>rashly,</span> <span class='ocrx_word' id='word_1_369' title='bbox 812 3463 912 3510; x_wconf 81' lang='lat' dir='ltr'>without</span> <span class='ocrx_word' id='word_1_370' title='bbox 923 3479 970 3526; x_wconf 80' lang='lat' dir='ltr'>any</span> <span class='ocrx_word' id='word_1_371' title='bbox 981 3480 1017 3524; x_wconf 63' lang='lat' dir='ltr'>re.</span> 
     </span>
     <span class='ocr_line' id='line_1_43' title="bbox 75 3536 314 3600; baseline -0.008 -16"><span class='ocrx_word' id='word_1_372' title='bbox 75 3537 133 3600; x_wconf 79' lang='lat' dir='ltr'>gard</span> <span class='ocrx_word' id='word_1_373' title='bbox 145 3547 170 3584; x_wconf 93' lang='lat' dir='ltr'>to</span> <span class='ocrx_word' id='word_1_374' title='bbox 183 3536 314 3597; x_wconf 79' lang='lat' dir='ltr'>prudente.</span> 
     </span>
    </p>
   </div>
   <div class='ocr_carea' id='block_1_4' title="bbox 0 0 1120 3846">
    <p class='ocr_par' dir='ltr' id='par_1_4' title="bbox 0 0 1120 3846">
     <span class='ocr_line' id='line_1_44' title="bbox 0 0 1120 3846; baseline 0 0"><span class='ocrx_word' id='word_1_375' title='bbox 0 0 1120 3846; x_wconf 95' lang='lat' dir='ltr'> </span> 
     </span>
    </p>
   </div>
  </div>
 </body>
</html>
