2232 3862
448 242 573 302 LIBER
595 243 634 302 ll.
955 243 994 302 85

62 408 173 484 ‘cuique
191 403 326 464 ceciderit
342 403 441 480 primo,
463 403 553 477 quoad
571 413 600 460 te
618 413 803 479 opportunum
821 403 931 460 fortuna
946 404 994 462 de·

57 481 65 524 '¹
76 489 152 556 derit,
166 505 222 542 suo
234 484 353 560 quisque
365 496 500 558 tempore,
514 482 631 539 aderunt
641 481 667 537 ¹.'

90 565 173 623 Xlll.
195 563 330 622 Mucium
347 562 501 628 dimissum,
522 561 566 618 cui
581 574 677 638 postea
695 561 865 620 Scaevolae*
887 565 995 621 aelade

59 647 162 703 dextrae
176 643 280 700 manius
294 660 449 715 cognomen
464 641 591 707 inditum,
605 641 689 716 legati
707 660 724 698 a
738 641 859 698 Porsena
874 642 994 700 Romam

6 749 7 768 ι
57 725 134 782 secuti
154 736 233 780 sunt.
284 717 368 778 Adsit
389 732 512 776 moverat
532 739 595 778 cum
620 733 649 777 et
668 719 751 795 primi
770 721 884 797 periculi
904 741 993 791 casus,

57 812 124 879 ‘quo
137 802 209 860 nibil
223 821 256 857 se
269 812 379 876 praeter
392 818 511 856 errorem
526 799 691 856 insidiatoris
711 799 843 867 texisset,'
863 813 892 858 et
911 802 994 858 sube-

56 883 120 940 unda
136 879 286 940 dimicatio
307 879 398 946 toties,
419 890 487 953 quot
505 877 641 954 conjurati
662 892 846 954 superessent,
867 891 899 936 ut
918 881 994 956 pacis

56 961 223 1020 conditiones
237 955 312 1016 ultrb
327 959 410 1015 ferrat
426 958 567 1014 Romanis.
603 957 743 1016 ιῙιιιιιιιιιι
753 958 781 1014 iu
791 959 993 1018 conditionibus

57 1041 232 1116 nequicquam
248 1039 284 1096 de
293 1035 451 1112 Tarquiniis
464 1037 491 1092 in
505 1055 620 1111 regnum
632 1038 817 1104 restituendis,
832 1039 919 1114 magis
929 1040 998 1114 quia.

57 1121 79 1176 id
89 1139 188 1194 negare
202 1119 266 1194 ipse
279 1117 441 1191 nequiverat
455 1115 620 1189 Tarquiniis,
634 1115 716 1191 quam
731 1113 807 1192 quiid
820 1130 949 1192 negatum
961 1120 995 1175 iri

57 1200 97 1255 sibi
115 1200 149 1256 ab
166 1197 307 1254 Romanis
320 1197 465 1272 ignoraret
506 1193 632 1269 Deagro
647 1194 810 1270 Vejeutibus
823 1197 994 1256 restituendo

56 1278 226 1354 impetratum
237 1274 269 1332 ³:
290 1293 474 1351 expressaque
493 1274 642 1332 necessitas
662 1276 771 1332 obsides
792 1276 874 1332 dandi
890 1277 994 1334 Roma·

55 1357 96 1424 nis,
115 1357 138 1413 si
159 1355 296 1415 daniculo
309 1353 474 1430 praesidium
490 1353 589 1410 deduci
605 1354 714 1411 vellent.
754 1354 810 1412 His
827 1355 992 1413 conditioni·

55 1437 97 1492 bus
108 1434 270 1510 compositis
283 1453 361 1508 pace,
376 1432 528 1490 exercitum
543 1434 577 1489 ab
590 1433 719 1492 laniculo
732 1433 848 1491 deduxit
862 1435 992 1500 Perseus,

55 1526 78 1572 et
94 1534 158 1590 agro
179 1515 314 1572 Romano
334 1511 461 1569 excessit.
502 1513 599 1569 Patres
620 1513 654 1570 C.
668 1511 767 1570 Mucio
781 1514 889 1571 virtutis
909 1517 992 1572 causis

56 1607 119 1651 ιιιιιι
134 1592 266 1650 Tiberim
288 1611 384 1667 agrum
406 1591 479 1647 dono
498 1591 608 1659 dedere,
623 1611 693 1666 quas
707 1605 803 1668 postea
816 1607 881 1651 sunt
895 1593 993 1652 Mucia

55 1685 123 1748 prata
135 1672 289 1748 appellata.
330 1670 415 1745 Ergo,
430 1671 468 1726 ita
481 1669 614 1728 tronoratt
627 1673 737 1738 virtute,
752 1673 868 1730 feminae
883 1670 993 1750 quoqne

55 1753 84 1808 td
100 1752 212 1827 publica
234 1752 336 1807 decora
354 1749 498 1806 excitatae.
539 1749 578 1807 Et
595 1750 699 1808 Cloelia
713 1752 798 1827 virgo,
818 1771 873 1808 uua
890 1773 925 1810 ex
945 1756 993 1811 ob·

56 1831 158 1898 ridibus,
169 1849 260 1904 quum
277 1842 367 1886 castra
376 1827 557 1886 Etruscorum
566 1830 636 1886 sorte
646 1828 822 1906 haudproeul
836 1832 896 1908 ripis
910 1832 994 1890 Tibe·

56 1911 86 1966 ris
93 1911 181 1967 locata
192 1919 297 1975 essent,
311 1909 439 1964 frustrata
453 1909 589 1975 custodes,
605 1909 662 1964 dux
676 1911 792 1984 agminis
806 1910 941 1985 virginum
953 1913 995 1968 in-

55 1989 150 2046 tertela
164 1987 291 2044 bostium
301 1987 423 2044 Tiberim
434 1988 564 2052 tranavit3
582 1988 753 2064 sospitesque
767 2008 863 2046 omues
874 1991 993 2046 Romam

55 2070 84 2124 ad
95 2066 270 2145 propinquos
278 2065 408 2124 restituit.
448 2065 532 2129 Quod
542 2067 590 2122 ubi
602 2067 657 2141 regi
669 2067 829 2124 nunciatum
841 2081 891 2132 est,
903 2069 993 2144 primb

55 2147 176 2206 incensus
191 2148 242 2214 ini,
257 2158 379 2203 oratores
394 2144 511 2202 Romam
527 2146 602 2202 misit
615 2146 650 2202 ad
665 2145 797 2204 Cloeliam
812 2147 935 2203 obsidem
946 2148 994 2204 de·

55 2227 216 2300 poscendam
228 2249 235 2291 ;
253 2223 403 2282 aliishaud
414 2223 621 2298 magnificenter
640 2225 775 2281 ‹leiudeiu
785 2225 994 2284 admirationem

55 2325 151 2372 rersus,
168 2311 175 2338 ‘
193 2306 286 2380 Supra
301 2303 422 2361 Coclites
436 2301 612 2379 Muciosque’
627 2305 718 2362 dicere
733 2305 782 2360 ‘id
797 2295 902 2362 facinus
915 2307 994 2376 esse,’

55 2397 78 2440 et
91 2405 155 2460 prae
177 2404 209 2441 se
222 2384 304 2450 ferre,
320 2390 327 2416 ‘
342 2383 585 2457 quemadmodum,
606 2383 629 2440 si
642 2403 697 2440 nou
712 2384 829 2442 dedatur
842 2386 929 2452 obser,
945 2407 996 2464 pro

56 2469 153 2540 ‘rupto
167 2484 199 2521 se
213 2463 313 2519 foedus
327 2461 502 2518 habiturum:
523 2462 563 2518 sic
576 2462 708 2531 deditam,
721 2464 878 2522 inviolatam
887 2466 922 2523 ad
931 2487 996 2524 suos

54 2540 271 2600 ‘remissurum’
312 2540 451 2615 Utrinque
471 2541 594 2598 constitit
607 2542 693 2600 fides:
713 2555 741 2600 et
762 2543 881 2601 Romani
895 2546 995 2621 pignus

52 2624 120 2696 pacis
141 2643 178 2680 cx
196 2621 309 2678 foedere
324 2620 521 2685 restituerunt;
541 2632 570 2678 et
583 2622 657 2697 apud
667 2641 759 2698 regem
775 2622 924 2681 Etruscum
939 2644 995 2682 uon

52 2714 106 2759 tnta
118 2703 223 2766 solirm,
244 2700 293 2756 sed
308 2697 440 2756 honorata
453 2699 546 2767 etiam,
560 2701 646 2758 virtus
660 2702 720 2767 fuit,
735 2701 928 2779 laudatamque
942 2705 995 2761 vir·

52 2781 138 2854 giuem
163 2789 266 2855 ‘parte
287 2777 414 2835 obsidum
435 2797 465 2834 se
480 2777 589 2836 donara’
607 2780 693 2837 dixit:
715 2781 805 2856 ‘ipsa
819 2801 889 2856 quos
903 2784 994 2853 vellet,

52 2858 191 2934 ‘legeret'
235 2857 382 2914 Productis
409 2858 545 2921 omnibus,
573 2859 688 2934 elegisse
715 2859 842 2936 impubes
869 2861 989 2920 dicitur:

53 2939 120 3011 qnbd
142 2951 172 2995 et
186 2937 338 3011 virginitati
357 2937 498 3001 decorum,
519 2949 548 2993 et
566 2958 701 2996 consensu
722 2939 848 2997 obsidum
869 2941 991 3016 ipsorum

52 3017 191 3091 probabile
204 3030 265 3074 erat
275 3015 296 3084 ³,
312 3024 320 3050 ⁴
334 3034 394 3072 eam
409 3029 526 3074 aetatem
542 3017 713 3097 potissimum
728 3018 835 3076 liberari
849 3021 883 3079 ab
903 3020 992 3093 hoste,

81 3175 88 3203 ¹
106 3179 191 3232 Ceteri,
205 3179 249 3240 ᾀι.
288 3173 341 3223 The
357 3184 412 3231 rest,
429 3192 455 3224 as
473 3177 513 3224 the
529 3177 564 3225 lot
581 3177 642 3227 shall
659 3179 719 3226 hare
735 3177 809 3226 fallen
822 3194 853 3226 ou
865 3182 922 3228 each
934 3196 992 3229 man

52 3241 104 3298 first,
123 3245 183 3291 each
203 3243 227 3290 in
246 3241 283 3289 bis
297 3258 384 3304 proper
395 3245 460 3300 time,
473 3245 523 3292 will
535 3246 604 3293 assail
621 3247 684 3304 thee,
695 3245 732 3294 till
744 3247 841 3294 senune
858 3247 918 3296 shall
936 3249 996 3296 hare

52 3309 163 3358 rendered
177 3309 386 3359 theeourrictim.
455 3313 556 3362 'From
570 3316 653 3370 Σκιὶις,
666 3313 822 3362 leftbandcd.
890 3316 956 3363 'See
969 3316 992 3362 1.

55 3377 124 3438 Chsp.
142 3377 182 3426 15.
223 3379 284 3440 Agri
302 3388 370 3438 parte
386 3380 515 3436 mulctatis,
533 3382 577 3428 &a
648 3381 773 3446 ‘Eudo
810 3381 867 3432 And
880 3381 994 3428 deserred

53 3452 75 3490 to
84 3448 115 3493 be
125 3445 250 3506 approved
259 3445 288 3492 of
296 3447 327 3508 by
339 3447 379 3492 the
386 3457 485 3494 consent
494 3447 523 3494 of
531 3448 571 3494 the
579 3447 689 3512 bostages
696 3448 846 3496 themselves.
882 3451 995 3508 Ipsorum

52 3511 94 3558 aud
104 3531 172 3577 qnos,
183 3513 209 3558 in
218 3514 259 3560 the
267 3513 358 3559 former
365 3524 484 3572 sentence,
492 3513 633 3571 masculine,
642 3531 676 3573 as,
685 3515 814 3577 according
822 3525 846 3561 to
856 3512 998 3574 Dionysius,

54 3579 115 3628 there
127 3596 192 3628 uere
203 3589 293 3642 twenty
305 3581 416 3644 bostagcs
427 3582 538 3630 sleither
549 3596 598 3630 sex.

513 3666 535 3706 H
