2230 3846
108 205 146 262 ee
501 181 658 262 nurvu

108 361 181 419 Tum
193 356 258 418 verb
278 358 370 417 ‘eludi
380 369 463 435 atqua
474 359 579 418 extrahi
590 359 628 418 se'
638 359 789 418 multitudo
799 371 914 437 putare;
928 368 936 398 ‘
947 374 986 431 et,
998 364 1057 422 Pa·

108 449 116 476 ‘
130 455 203 498 trum
218 439 266 515 qni
275 439 412 506 abessent,
423 459 477 496 nou
489 459 564 505 casu,
577 459 632 496 non
643 453 728 506 metu,
743 441 792 497 sed
802 441 996 517 impediendae
1009 444 1056 502 rei

107 529 116 555 ‘
129 520 212 577 causti
225 519 330 584 abesse,
343 530 372 575 et
386 519 513 576 consules
526 520 600 594 ipsos
613 519 803 593 tergiversari3
817 539 870 578 nec
881 521 964 578 dubie
975 523 1054 578 ladi-

106 607 115 633 ‘
129 599 188 654 hrio
202 617 262 655 esee
275 597 398 654 miserias
412 596 492 654 suas!
531 598 596 656 Janr
610 617 696 674 prope
713 611 780 666 erat,
801 611 833 655 ut
852 619 888 656 ne
902 603 1054 658 consulum

106 678 217 753 quidem
240 676 367 753 majestas
387 683 528 734 coerceret
547 677 601 734 iras
624 675 775 734 hominum.
816 677 920 743 Quum,
939 679 1053 748 incerti,

105 757 246 821 morando,
260 775 294 812 an
309 755 453 821 veniendo,
467 756 529 830 plus
542 756 658 832 periculi
671 755 873 823 contraherent,
889 758 1003 815 tandem
1020 759 1053 816 in

104 849 229 893 senatum
245 835 375 892 veniunt:
394 835 586 910 frequentique
600 835 711 891 tandem
722 836 806 898 curie,
816 855 871 892 non
882 837 966 894 modo
975 839 1054 895 inter

106 917 210 980 Patres,
219 915 268 970 sed
277 933 312 970 ne
322 914 394 970 inter
402 913 529 972 consules
540 914 651 988 quidem
665 914 748 990 ipsos,
759 914 826 971 setis
836 916 1021 974 conveniebat
1031 917 1052 974 ¹.

106 995 223 1070 Appius,
235 991 405 1050 vehementis
416 993 518 1068 ingenii
529 993 578 1058 vir,
592 993 727 1068 ‘imperio
740 994 876 1050 consulari
889 1013 947 1051 rem
961 1015 1051 1070 agen-

103 1072 194 1130 ‘dnm'
214 1073 359 1130 censebat:
385 1079 462 1128 ‘nno
482 1083 530 1129 aut
549 1073 636 1128 altero
659 1084 776 1148 arrepto,
797 1073 939 1148 quieturos
958 1075 1050 1131 alios.’

104 1153 245 1219 Servilius,
265 1151 372 1207 lenibus
389 1151 518 1208 remediis
535 1151 633 1226 aptior,
655 1151 828 1208 ‘concitatos
840 1152 947 1209 animos
959 1153 1050 1223 flecti,

103 1231 207 1306 ‘quim
221 1228 326 1303 frangi,’
341 1231 456 1304 putabat
471 1238 478 1264 ‘
493 1250 578 1305 quum
593 1229 688 1295 tutius,
703 1242 763 1287 turn
776 1231 891 1298 facilius,
906 1231 985 1289 esse!

142 1309 251 1366 XXIV.
273 1309 350 1364 Inter
364 1308 432 1366 haec
445 1310 533 1385 major
545 1310 615 1366 alius
625 1323 720 1365 terror.
760 1308 855 1366 Latini
862 1310 970 1385 equites
979 1331 1049 1370 cum

102 1389 273 1446 tumultuoso
293 1388 422 1444 advolant
441 1388 562 1444 nuncio:
587 1388 726 1445 ‘Volscos
747 1389 848 1446 infesto
867 1390 992 1448 exercitu
1008 1394 1049 1449 ad

102 1477 110 1502 ⁴
124 1469 219 1524 urbem
235 1467 445 1543 oppugnandam
462 1465 571 1523 venire?
612 1466 692 1530 Quae
705 1468 808 1534 andita,
826 1464 911 1542 (adei)
925 1469 994 1526 duas
1007 1491 1049 1527 ex

102 1548 158 1604 uni
170 1547 281 1604 civitate
296 1546 432 1602 discordia
444 1544 572 1620 lecerat.)
588 1545 670 1620 longe
684 1546 763 1604 aliter
777 1547 873 1604 Patres
886 1567 919 1604 ac
932 1549 1047 1623 plebem

102 1626 228 1683 affecere
269 1621 416 1682 Exsultare
436 1624 538 1698 gaudio
559 1625 669 1700 plebes;
692 1625 817 1682 ‘ultores
830 1627 973 1700 superbiae
989 1628 1047 1686 Pa·

102 1714 109 1740 ‘
125 1718 196 1762 trum
211 1703 314 1760 adesse'
328 1704 430 1760 dicere·
435 1712 442 1738 ‘
457 1702 553 1760 Deos!
594 1703 676 1759 Alius
690 1704 774 1760 alium
789 1705 992 1770 εοιιίὶιιιιιιιιι,ι
1007 1727 1046 1765 ne

101 1793 108 1819 ‘
124 1783 235 1841 nomina
245 1784 359 1839 darent:
376 1801 440 1839 curn
452 1784 579 1838 omnihus
589 1782 690 1858 potiris,
705 1782 787 1857 quam
798 1784 880 1850 solos,
894 1785 1045 1860 perituros.

100 1864 218 1920 ‘Patres
236 1862 393 1928 militarent,
415 1862 511 1918 Patres
531 1880 606 1918 arma
621 1873 759 1938 caperent,
782 1875 814 1920 ut
830 1882 936 1956 penes
927 1865 1045 1922 eosdem

77 1983 82 1988 -
100 1942 246 2020 ‘pericula
258 1941 330 2007 belli,
344 1960 429 2018 penes
442 1960 512 2032 quos
526 1940 656 2016 praemla,
671 1941 780 1998 essent!
822 1947 863 1999 At
876 1939 942 1998 verb
954 1944 1044 2010 curia,

98 2033 204 2080 moesta
223 2041 255 2079 ac
274 2021 383 2097 trepida
402 2019 514 2096 ancipiti
528 2032 605 2076 metn
619 2031 647 2076 et
659 2020 731 2076 ab
707 2040 767 2077 cive
780 2033 809 2078 et
822 2022 856 2078 ah
869 2019 957 2086 hoste,
978 2022 1044 2080 Ser·

98 2103 192 2158 vilium
207 2099 359 2165 consulem,
373 2099 418 2156 oui
427 2099 567 2174 ingenium
578 2099 804 2174 mugispopulare
813 2112 880 2166 erat,
889 2119 977 2166 orare,
990 2109 1044 2160 ‘ut

97 2188 106 2215 ‘
116 2181 199 2238 tantis
207 2181 420 2238 circumventam
430 2178 578 2236 terroribus
585 2179 728 2254 expediret
736 2179 949 2255 rempublicam.
964 2179 1041 2237 'lum

98 2260 202 2324 consul,
217 2259 300 2315 misso
314 2269 420 2324 senatu,
434 2257 463 2312 in
477 2258 638 2314 concionem
653 2257 753 2333 prodit.
793 2257 846 2324 lbi,
861 2265 869 2292 ‘
882 2277 964 2316 curae
978 2279 1043 2318 csse

98 2347 106 2372 ‘
122 2336 267 2402 Potrihas‚’
282 2336 411 2401 ostendit,
427 2343 435 2368 ‘
449 2347 481 2390 ut
494 2335 652 2392 consulatur
666 2336 748 2410 plebi.
790 2336 920 2394 Ceterum
935 2338 1041 2394 delibe-

98 2425 105 2450 ‘
119 2417 218 2474 rationi
238 2417 273 2472 de
291 2414 411 2471 maximia
424 2414 536 2510 quidem
551 2415 605 2478 illia
626 2417 676 2470 scd
690 2427 783 2472 tamen
796 2429 874 2490 parte
888 2415 1040 2486 civitatis²,

98 2503 225 2552 ‘metum
246 2513 296 2571 pro
317 2493 444 2550 unirent
465 2492 636 2568 republica
629 2493 817 2550 intervenisse
859 2493 920 2552 Nec
946 2514 1040 2570 posse,

97 2583 204 2650 ‘quum
219 2573 312 2630 hostes
327 2591 412 2664 prope
426 2572 461 2629 od
475 2583 568 2647 portas
578 2585 678 2637 essent,
689 2573 761 2629 bello
772 2573 951 2648 praevertisse
960 2575 1039 2650 quic·

97 2661 220 2729 ‘qaamt
230 2672 301 2746 neo,
322 2651 346 2707 si
366 2652 402 2708 sit
418 2649 566 2708 laxamenti
586 2650 718 2746 aliquid³‚
739 2665 788 2708 aut
801 2653 887 2745 plebi·
888 2651 1038 2712 honestum
1098 2671 1101 2680 ¹

97 2740 188 2798 ‘esse
210 2732 262 2788 nisi
283 2731 409 2788 mercede
430 2730 505 2806 priris
525 2731 646 2806 accepta,
666 2749 742 2787 arma
755 2750 804 2807 pro
818 2731 907 2807 patriia
920 2751 976 2789 non
992 2753 1037 2790 ce·

95 2813 209 2887 ‘pisse;
227 2830 317 2885 neque
338 2809 465 2867 Patribus
485 2807 551 2865 satis
569 2809 708 2874 decorum,
730 2828 780 2884 per
800 2821 906 2866 metum
934 2813 1037 2888 potius,

95 2890 199 2966 q‘uarn
220 2889 368 2968 postmodo
380 2889 532 2956 voluntate,
551 2883 700 2945 afflictis
676 2888 777 2945 civium
792 2908 904 2946 suornm
918 2891 1038 2948 fortunis

128 3002 134 3032 ¹
155 3002 199 3050 See
210 3017 233 3062 p
248 2999 289 3059 46,
301 3008 357 3046 note
372 2998 393 3048 l
431 2999 462 3046 In
474 2997 521 3045 this
532 3007 644 3047 sentence
656 2999 696 3046 the
707 3016 737 3048 ae
748 2999 778 3046 ol
790 3017 820 3048 ne
831 3003 934 3063 quidem,
953 3000 1037 3049 denies

93 3071 133 3116 the
150 3069 329 3120 circumstance,
347 3070 404 3116 rotis
421 3069 576 3122 conveniebat,
589 3081 701 3114 common
714 3075 739 3114 to
751 3068 807 3114 both
822 3068 923 3127 clauses,
936 3062 1036 3133 coming

93 3136 171 3184 under
187 3138 228 3184 the
242 3137 278 3183 lst
294 3149 379 3191 canon,
398 3135 469 3181 those
493 3137 542 3183 Not
559 3138 615 3196 only
632 3149 722 3195 among
738 3135 779 3181 the
796 3145 911 3193 senators,
931 3139 978 3186 but
995 3141 1036 3186 be·

93 3214 171 3252 tween
182 3205 222 3250 the
233 3202 330 3250 consuls
341 3201 483 3249 themselves
493 3205 556 3253 eoin.
567 3203 633 3248 there
642 3216 690 3248 was
700 3220 729 3250 uo
741 3213 880 3264 agreement
889 3204 914 3250 in
924 3205 1033 3265 opinion.

93 3273 103 3300 ³
120 3276 160 3322 De
169 3269 283 3324 morimd,
295 3271 341 3316 &c
379 3269 443 3315 With
461 3267 546 3332 regard
564 3278 590 3316 to
608 3270 667 3326 that,
679 3268 794 3332 certainly
805 3286 820 3318 a
831 3285 887 3333 very
899 3282 968 3334 great
980 3288 1035 3332 por-

92 3339 152 3396 tion,
170 3341 216 3386 but
233 3337 282 3384 still
292 3335 483 3398 oolyaportion
495 3335 525 3383 of
539 3337 579 3382 the
590 3344 658 3383 state.
727 3336 873 3394 ’Nemdrc
910 3340 1034 3388 Noreveu
1098 3359 1099 3363 ¹

93 3408 185 3469 though
198 3407 264 3453 there
275 3418 337 3450 were
346 3418 392 3464 any
405 3402 530 3465 breathing
539 3403 605 3457 time,
617 3408 634 3452 ι’.
648 3421 668 3452 e.
689 3403 810 3452 sufficient
821 3415 846 3452 to
856 3405 927 3454 allow
940 3407 981 3454 the
999 3423 1034 3453 se-

92 3483 148 3520 nate
164 3484 190 3521 to
207 3470 318 3521 consider
335 3470 375 3518 the
391 3470 471 3518 affairs
483 3471 512 3519 ol
526 3471 566 3522 the
579 3470 714 3528 Plebeisns,
728 3473 809 3521 before
819 3474 946 3538 marching
958 3485 984 3522 to
996 3476 1035 3522 the

92 3555 147 3588 war.
