2230 3846
126 163 181 220 138
430 223 434 234 ,
501 166 534 224 Τ.
554 164 653 225 LlVll

125 324 284 388 ‘testatem
304 321 434 398 perlatam
453 323 541 399 legem
562 344 637 392 esse;
657 343 739 399 quam
758 322 861 380 minore
881 331 990 388 conatu,
1005 338 1056 376 ne·

126 404 283 474 ‘quaquam
303 402 379 457 tanti
399 401 511 458 Patrum
525 423 582 480 spe,
602 403 705 480 priores
725 401 898 479 impedierint
911 396 1057 457 consules-⁹

126 477 207 534 Haec
221 478 261 535 ira
274 479 477 556 indignatioque
491 482 609 540 ferocem
621 483 741 539 animum
755 483 789 538 ad
803 479 957 537 vexandum
970 496 1057 536 saevo

125 555 240 632 imperio
260 559 410 616 exercitum
430 561 594 618 stimulabat.
635 560 695 618 Nec
711 561 765 617 ulla
778 559 805 617 vi
818 558 923 616 domari
936 567 1056 632 poterat.

126 633 246 692 Tantum
266 650 403 696 certamen
422 639 519 696 animis
536 639 705 696 imbiberant.
746 639 880 714 Segniter,
894 637 991 702 otiose,
1005 653 1057 690 ne·

122 713 267 789 gligenter,
288 718 484 774 contumaciter
503 719 594 776 omnia
610 738 699 793 agere.
740 717 801 776 Nec
812 717 912 794 pudor,
930 733 982 774 nec
995 733 1057 770 me·

125 805 170 848 tus
184 795 333 852 coercebat.
377 795 407 853 si
420 797 498 866 citius
511 798 556 872 agi
569 797 649 854 vellet
662 817 768 873 agmen
782 796 885 855 tardiirs
897 788 995 852 sedulb
1009 793 1053 848 in·

125 873 238 929 cedere:
260 875 282 930 si
295 874 452 932 adhortator
465 877 554 951 operis
567 877 682 943 adesset,
697 895 791 933 omnes
804 876 854 932 suit
873 885 972 949 sponte
993 890 1055 929 mo-

124 963 180 1006 tam
195 952 333 1010 remittere
344 954 512 1012 industriam.
553 955 693 1013 Praesenti
701 955 792 1012 vultus
806 953 959 1020 demittere,
968 949 1055 1007 tacite

124 1041 343 1103 praetereuntem
357 1034 508 1090 exsecrari:
528 1047 559 1090 ut
571 1034 688 1095 invictus
699 1034 744 1092 ille
755 1033 818 1090 odio
827 1031 933 1108 plebeio
943 1030 1054 1088 animus

123 1107 260 1166 interdum
275 1125 438 1170 moveretur.
478 1112 562 1170 Omni
572 1115 750 1188 nequicquam
759 1112 906 1170 acerbitate
915 1107 1055 1185 promptia,

124 1185 192 1244 nihil
207 1189 264 1264 jam
286 1209 348 1246 cum
363 1191 493 1248 militibus
507 1211 602 1266 agere:
623 1201 630 1226 ‘
645 1213 661 1250 a
675 1189 877 1250 centurionibus
891 1199 1055 1262 corruptam

124 1267 305 1324 ‘exercitum'
327 1269 434 1326 dicere:
461 1269 587 1328 tribunos
609 1268 699 1347 plebei
718 1270 844 1328 cavillans
863 1267 1004 1324 interdum
1025 1276 1056 1322 et

132 1341 276 1402 Volerones
290 1366 394 1405 vocare.

160 1420 239 1480 LIX.
262 1424 338 1480 Nihil
351 1446 446 1484 eorum
461 1427 552 1484 Volsci
566 1427 730 1496 nesciebant,
744 1427 934 1499 instabantque
947 1442 982 1480 eo
995 1441 1055 1481 ma·

122 1497 173 1574 gis,
187 1516 335 1576 sperantes,
357 1512 364 1538 ‘
379 1505 452 1562 idem
466 1519 603 1564 certamen
616 1507 767 1562 animorum
781 1507 911 1562 adversus
925 1501 1055 1578 Appium

124 1575 301 1638 ‘habiturum
315 1583 473 1640 ¹¹exercitum
494 1585 659 1654 Romanum,
686 1585 759 1659 quod
782 1585 911 1640 adversus
935 1580 1055 1638 Fabium

123 1663 131 1690 ‘
146 1659 284 1716 consulem
299 1658 437 1720 habuisset
447 1662 473 1718 ¹.’
513 1663 642 1721 Ceterum
655 1665 742 1720 multo
753 1663 855 1738 Appio,
865 1659 947 1735 quiem
957 1659 1055 1726 Fabio,

123 1735 265 1794 violentior
285 1739 366 1808 fuit„
386 1740 449 1797 Non
470 1742 543 1799 enim
558 1742 665 1800 vincere
679 1743 783 1800 tantiam
798 1741 893 1806 noluit,
907 1750 939 1794 ut
953 1737 1054 1796 Fabia·
1084 1737 1091 1750 '

121 1834 174 1870 nus
194 1817 338 1884 exercitus,
359 1819 411 1876 red
427 1820 498 1876 vinci
514 1821 607 1877 voluit.
647 1822 801 1878 Productus
821 1819 849 1876 in
868 1817 957 1876 aciem
977 1816 1053 1892 turpi

121 1894 187 1968 fugis
206 1896 276 1971 petit
295 1898 420 1966 castra²;
439 1919 490 1956 nec
509 1902 572 1956 ante
592 1900 691 1956 restitit
704 1899 784 1975 quim
798 1899 876 1972 signa
888 1897 1053 1954 inferentem

122 1971 255 2032 Volscum
276 1977 450 2052 munimentis
464 1977 533 2034 vidit
549 1979 710 2053 foedamque
731 1977 847 2036 extremi
859 1975 976 2051 agminis
991 1993 1052 2030 cae·

121 2053 194 2109 dem.
235 2053 308 2112 Tum
322 2075 449 2148 expgessa
462 2057 502 2113 vis
515 2057 550 2113 ad
560 2059 744 2132 pugnandum,
753 2069 785 2114 ut
793 2057 879 2113 victor
884 2053 945 2128 jam
955 2073 972 2110 a
981 2053 1054 2110 vallo

121 2133 328 2191 submoveretur
341 2134 443 2204 host1s;
464 2136 528 2193 satis
541 2147 633 2194 tamen
646 2147 795 2212 appareret,
807 2133 867 2210 capi
876 2133 983 2190 tantiam
995 2151 1053 2190 cas·

120 2221 163 2266 tra
182 2212 296 2270 militem
312 2214 468 2270 Romanum
485 2214 614 2272 noluisse.
654 2214 712 2270 Alii
725 2214 843 2290 gaudere
857 2212 907 2270 suti
919 2211 999 2269 clade
1012 2223 1052 2268 at·

121 2307 175 2361 que
195 2291 351 2364 ignominiis.
391 2292 498 2355 Quibus
518 2293 585 2350 nihil
601 2294 729 2350 infractus
742 2293 819 2350 ferox
833 2291 920 2367 Appii
933 2289 1053 2362 animus,

122 2386 206 2440 quum
228 2369 338 2445 insuper
358 2372 460 2428 saevire
475 2373 563 2440 vellet,
584 2373 796 2446 contionemque
816 2371 972 2436 advocaret,
987 2388 1051 2426 con·

122 2459 234 2502 currunt
254 2447 289 2504 ad
303 2469 365 2504 eum
379 2449 461 2523 legati
474 2451 638 2525 tribunique,
655 2463 804 2518 monentes,
826 2459 833 2482 ‘
847 2469 882 2506 ne
893 2447 991 2522 utique
1005 2468 1051 2504 ex·

121 2530 128 2556 ‘
143 2525 225 2599 periri
238 2527 320 2583 vellet
330 2529 483 2603 imperium,
497 2528 575 2604 cujus
590 2531 630 2586 vis
640 2529 728 2586 omnis
738 2529 765 2584 in
774 2547 908 2586 consensu
920 2526 1052 2582 obedien·

123 2609 130 2636 ‘
144 2603 212 2658 tium
234 2605 323 2662 esset!
365 2607 476 2682 Negare
486 2604 568 2682 vulgo
581 2609 689 2675 milites,
709 2615 715 2642 ‘
730 2628 759 2664 se
773 2609 807 2664 ad
820 2605 983 2664 concionem
998 2607 1051 2662 itu·

121 2687 129 2714 ‘
143 2681 211 2746 1·os;'
233 2685 386 2760 passimque
400 2687 523 2742 exaudiri
537 2707 616 2744 voces
629 2687 835 2763 postulantium,
850 2695 857 2718 ‘
872 2697 903 2740 ut
916 2699 1008 2744 castra
1018 2705 1050 2740 ex

120 2767 127 2792 ‘
144 2759 243 2818 Volsco
257 2783 322 2838 agro
336 2780 503 2822 moveantur.
543 2765 662 2822 Hostem
673 2765 803 2822 victorem
813 2759 905 2840 paullo
916 2767 1050 2840 antepro-

120 2845 127 2871 ‘
142 2857 176 2914 pe
195 2841 223 2896 in
243 2843 328 2915 portis
341 2863 373 2900 ac
386 2836 456 2900 vallo
470 2845 571 2910 fuisse;
591 2845 761 2920 ingentisque
772 2843 836 2910 mali
849 2862 904 2898 non
918 2843 1051 2918 suspicio·

120 2923 204 2974 ‘uem
226 2921 315 2998 modb,
337 2923 385 2979 sed
408 2935 527 3000 apertam
551 2926 669 2998 speciem
693 2922 829 2979 obversari
851 2934 916 2978 ante
938 2919 1049 2978 oeulos!

234 2999 250 3036 ,ff
268 2994 310 3030 “.·,.
366 3007 375 3032 1ι
428 3011 431 3017 ›
464 2993 469 3004 '
517 3009 519 3014 v

119 3068 126 3092 ⁶
138 3078 209 3112 rauce
217 3052 242 3112 to
251 3067 290 3114 me
300 3049 529 3129 particulai'p‘aient,
539 3043 699 3134 ⁴iiray‘lie'hcld
712 3077 737 3114 to
748 3068 876 3116 constitute
887 3084 902 3115 a
910 3067 991 3116 whole
1002 3083 1051 3130 spe-

117 3131 203 3190 ‘cies;
221 3133 300 3180 whilst
316 3153 380 3184 anus
388 3139 458 3201 filius
474 3136 555 3184 would
572 3135 694 3198 positively
712 3135 827 3194 intimate,
844 3137 895 3182 that
911 3137 954 3183 the
971 3135 1052 3197 family
1101 3151 1102 3182 l

116 3199 244 3246 ‘contains
260 3215 326 3248 more
342 3203 399 3248 than
416 3217 462 3250 one
480 3205 540 3262 sou,’
558 3203 601 3250 ac.
639 3203 677 3250 Dr
690 3203 805 3250 causon.
842 3203 872 3250 lu
890 3203 937 3250 this
954 3219 1051 3266 passage
1101 3201 1102 3260 l

116 3267 155 3313 the
172 3266 237 3316 force
251 3270 306 3314 then
325 3269 353 3316 of
366 3274 436 3318 unico
453 3269 483 3326 is,
499 3272 529 3317 he
545 3271 617 3333 being
633 3275 671 3318 tte
687 3274 741 3332 oaly
752 3287 810 3320 moa
824 3275 851 3319 in
868 3274 983 3320 eabrence
999 3273 1050 3316 who
1101 3267 1102 3298 l

115 3349 164 3380 was
181 3333 279 3381 deemed
296 3335 330 3390 fit,
348 3351 374 3383 as
384 3337 475 3392 consul,
494 3347 519 3384 to
535 3341 565 3386 be
575 3336 688 3398 opposed.
835 3339 841 3366 ¹
861 3339 905 3385 See
919 3339 998 3399 Chap.
1010 3337 1049 3386 43.
1101 3333 1102 3412 l

119 3395 130 3422 ¹
143 3399 244 3448 Scottish
255 3403 345 3466 history
354 3413 459 3464 presente
470 3419 484 3451 a
496 3405 586 3452 similar
597 3405 709 3458 instance,
722 3404 748 3452 in
757 3407 797 3452 tbe
806 3404 933 3467 voluntary
944 3405 1016 3469 flight
1027 3405 1052 3452 of
1101 3435 1102 3468 y

114 3467 154 3514 the
165 3483 232 3531 army
240 3469 397 3518 commanded
408 3472 439 3533 by
451 3471 539 3532 Oliver,
552 3472 577 3518 in
589 3473 629 3520 the
640 3472 707 3536 reign
718 3472 748 3520 ol
755 3473 837 3522 James
849 3473 880 3522 V.
1101 3471 1102 3488 ¹
