2232 3862
453 213 576 272 LIBER
597 213 620 271 1.
967 213 1004 268 57

71 372 154 430 solvit:
176 371 344 430 domesticis
364 372 486 429 consiliis
503 369 699 449 rempublicam
717 370 932 430 administrarit:
951 370 1009 428 bel·

18 449 19 528 l
68 453 123 519 hm,
136 470 249 528 pacem,
272 452 397 519 foedera,
419 453 563 509 societates
577 471 626 527 per
639 472 669 509 se
683 453 750 528 ipse,
769 470 831 508 curn
846 449 946 526 quibus
959 469 1008 506 ro·

68 531 116 598 luit,
129 530 243 606 injussu
257 531 357 607 populi
370 551 403 589 ae
416 531 535 598 senatis,
549 531 623 598 fecit,
637 531 810 604 diremitque.
843 529 1007 588 Latinorum

68 609 108 666 sibi
120 609 248 666 maxime
262 623 376 684 gentem
391 609 560 676 conciliabat,
579 622 611 666 ut
623 609 772 686 peregrinis
786 609 896 684 quoque
909 608 1009 685 opibus

66 687 140 746 tutior
152 687 319 755 intercisos
328 701 409 746 esset.
443 688 542 764 Neque
550 687 669 765 hospitia
677 689 760 746 modo
770 707 833 745 cum
843 686 1008 764 prirnoribus

67 786 161 833 eorum,
183 767 238 824 sed
260 767 408 826 affinitates
429 769 546 843 quoque,
563 767 704 844 jungebat.
745 767 863 825 Octavio
879 765 1009 824 Mamilio

67 845 231 914 Tusculano,
255 846 295 923 (is
307 847 390 923 longe
403 848 529 924 princeps
542 845 636 909 Latini
655 847 774 904 nominis
792 858 858 912 erat,
879 847 903 902 si
919 846 1008 902 famae

66 925 208 992 credimus,
223 926 262 982 ab
277 925 363 985 Ulixe
377 925 494 1001 Derique
509 925 590 984 Circe
604 924 769 1002 oriundusz)
790 925 816 982 ei
835 924 962 982 Mamilio
975 924 1007 980 fi·

67 1005 121 1096 liam
135 1016 264 1096 nuptum
280 1005 344 1072 dat;
358 1023 460 1098 perque
474 1023 520 1062 eas
530 1005 639 1083 nuptias
653 1006 755 1062 multos
768 1005 821 1062 sibi
834 1017 965 1080 cognatos
978 1022 1008 1061 a·

66 1084 483 1238 mibieiildriaehidgirhn'liiiipiiinii
496 1162 643 1221 auctoritas
656 1163 727 1220 inter
735 1161 900 1220 Latinorum
911 1179 1007 1236 proce·

67 1261 103 1298 res
114 1253 193 1308 erat;
208 1261 307 1316 quum,
323 1249 330 1276 ‘
344 1242 372 1298 in
384 1243 456 1300 diem
466 1255 568 1300 certam
579 1253 611 1299 ut
620 1243 655 1299 ad
666 1241 758 1300 lucum
770 1240 933 1300 Ferentinae
943 1257 1007 1297 con·
1021 1243 1025 1246 ’
1097 1301 1098 1310 χ

67 1319 214 1389 ‘veniant'
225 1320 341 1378 indicit:
360 1329 367 1356 ‘
378 1341 447 1390 esse,
458 1341 527 1396 quse
538 1341 618 1397 agere
629 1321 663 1378 de
672 1322 753 1378 rebus
762 1320 954 1378 communibus
961 1337 1008 1376 ve·

66 1399 130 1456 ‘lit'
144 1398 330 1457 Conveniunt
337 1399 493 1474 frequentes
501 1400 668 1476 primailuce.
687 1399 751 1477 Ipse
761 1399 925 1476 Tarquinius
933 1398 1007 1456 diem

66 1478 172 1552 quidem
187 1477 326 1546 servavit;
346 1481 395 1536 sed
408 1479 500 1555 paullo
513 1481 585 1545 ante,
606 1477 689 1554 quium
702 1479 744 1536 sol
758 1480 904 1546 occideret,
923 1477 1007 1534 venit.
1097 1515 1098 1520 κ

66 1556 153 1616 Multa
166 1557 208 1614 ibi
221 1557 284 1630 toti
297 1558 342 1614 die
355 1558 382 1614 in
397 1559 512 1615 concilio
525 1558 606 1614 variis
619 1558 723 1634 jactata
736 1559 906 1616 sermonibus
920 1568 1007 1614 erant.

67 1635 173 1694 Turnus
187 1635 354 1695 Herdonius
375 1638 409 1694 ab
424 1637 520 1694 Aricia
538 1637 665 1694 ferociter
684 1638 713 1694 in
733 1637 874 1696 absentem
890 1633 1005 1710 Tarqui·

66 1715 137 1772 nium
153 1727 216 1772 erat
237 1715 379 1782 invectus;
400 1712 509 1773 ‘Haud
529 1715 628 1772 mirum
649 1736 720 1783 esse,
742 1716 867 1792 Superbo
887 1715 1006 1775 inditum

67 1800 74 1828 ‘
87 1795 193 1852 Romae
207 1793 412 1869 cognomento
421 1795 500 1870 (Jam
515 1795 587 1852 enim
602 1797 640 1853 ita
653 1795 723 1853 clim
737 1797 848 1870 quidem
859 1793 1004 1852 mussitan-

68 1885 113 1941 tes,
127 1874 213 1950 vulgo
229 1885 333 1941 tamen,
346 1893 409 1931 eum
423 1874 618 1951 appellabant.)
660 1881 668 1909 ‘
682 1876 731 1932 An
748 1875 894 1950 quicquam
909 1892 1003 1948 super·

68 1953 144 2010 ‘hius
157 1972 230 2020 esse,
245 1951 328 2027 quiam
341 1953 475 2010 ludificari
488 1953 528 2010 sic
541 1973 623 2010 omne
636 1973 737 2012 nomen
750 1953 904 2011 Latinum?
926 1951 1006 2008 Prin·

68 2037 75 2066 ‘
88 2032 193 2109 cipibus
206 2031 290 2107 louge
303 2032 339 2088 ab
352 2032 435 2089 domo
448 2032 554 2100 excitis,
568 2033 668 2108 ipsum,
682 2033 730 2106 qui
740 2033 885 2090 concilium
896 2029 1009 2086 indixe-

69 2111 127 2179 ‘rit,
140 2130 198 2167 non
211 2111 320 2168 adesse.
360 2109 472 2169 Tentari
486 2112 609 2188 profecti>
621 2111 791 2187 patientiam,
810 2123 850 2176 ut,
864 2109 887 2165 si
903 2106 1003 2184 jugum

68 2195 76 2222 ‘
86 2189 251 2267 acceperint,
265 2189 399 2246 obnoxios
409 2203 523 2266 premat.
565 2190 619 2248 Cui
632 2190 705 2246 enim
716 2209 770 2247 non
781 2207 911 2266 apparere
922 2186 1004 2244 affec·

68 2274 75 2300 ‘
87 2280 141 2326 tare
155 2289 221 2326 eum
235 2269 381 2344 imperium
394 2269 422 2326 in
434 2269 571 2327 Latinos?
593 2269 678 2333 Quod
697 2269 720 2326 si
740 2270 783 2328 sni
796 2271 866 2327 bene
880 2265 1004 2328 credide·

69 2347 138 2406 ‘rint
147 2349 232 2416 cives,
244 2360 292 2405 aut
302 2347 325 2404 si
336 2349 469 2406 creditum
480 2349 557 2416 illud,
569 2360 597 2407 et
606 2363 661 2406 non
671 2361 778 2426 rapturo
790 2347 944 2426 parricidio,
958 2345 1002 2412 sit,

69 2427 195 2485 ‘credere
210 2439 239 2484 et
257 2425 381 2495 Latinos,
399 2437 562 2503 (quanquam
577 2447 613 2485 ne
628 2428 792 2504 sicquidem
809 2423 1004 2502 alienigenae,)

70 2510 77 2537 ‘
90 2506 185 2564 debere
193 2506 213 2562 ¹.
238 2506 287 2564 Sin
301 2526 365 2563 suos
376 2506 435 2583 ejus
444 2508 591 2584 poeniteat,
604 2507 720 2583 (quippe
731 2509 778 2584 qui
788 2508 834 2565 alii
844 2525 926 2583 super
936 2505 1004 2562 alios

70 2586 265 2651 ‘trucidentem
282 2586 440 2648 exsulatum.
450 2599 522 2654 eant,
543 2587 615 2644 bona
627 2587 779 2663 amittant)
794 2587 859 2663 quid
873 2585 931 2661 spei
945 2603 1003 2640 me·

70 2663 157 2722 ‘lioris
172 2663 282 2722 Latinis
296 2665 446 2741 portendi?
469 2665 497 2722 si
511 2685 541 2722 se
554 2665 675 2733 audiant,
689 2666 801 2723 domurn
816 2685 894 2722 suam
907 2682 1004 2738 quern·

70 2745 218 2817 ‘quoinde
232 2745 369 2802 abituros:
390 2764 479 2819 neque
492 2745 579 2820 magis
591 2745 780 2802 observaturos
795 2745 867 2802 diem
887 2741 1002 2808 consilii,

71 2821 165 2896 ‘quim
180 2823 251 2899 ipse,
266 2824 312 2898 qui
326 2823 464 2891 indixerit,
479 2823 621 2882 observet!
649 2823 730 2882 Haec
743 2837 826 2900 atque
839 2823 891 2881 alia
904 2823 1002 2880 eodem

69 2901 229 2974 pertinentia
252 2902 399 2959 seditiosus
421 2902 643 2978 facinorosusque
662 2901 754 2972 homo,
767 2902 875 2978 hisque
899 2902 1003 2959 artibus

70 2997 128 3054 opes
141 2981 218 3038 domi
232 2993 338 3049 nactus,
359 3001 444 3056 quum
461 2981 580 3039 maxime
598 2982 752 3050 dissereret,
772 2981 920 3040 intervenit
933 2979 1003 3038 Tar-

69 3059 179 3131 quinius.
213 3060 243 3117 ls
256 3059 319 3117 linis
332 3061 447 3120 orationi
460 3061 521 3118 luit.
550 3060 651 3118 Aversi
665 3081 760 3119 omnes
773 3062 808 3118 ad
823 3060 1003 3136 Tarquinium

97 3216 103 3244 ¹
119 3221 188 3274 Quod
198 3222 228 3274 ti,
238 3219 283 3267 dc.
314 3219 342 3268 It
348 3219 385 3268 his
398 3219 554 3284 (Tarquin's)
565 3235 620 3266 own
632 3219 735 3283 subJects
746 3220 805 3266 hare
816 3218 883 3266 acted
895 3219 933 3266 for
942 3215 1005 3263 their
1097 3281 1098 3284 Ἴ

67 3281 187 3344 happiness
199 3287 225 3333 in
237 3287 373 3350 entrusting
382 3287 431 3334 him
441 3288 498 3334 with
507 3289 546 3334 the
556 3287 678 3349 sovercign
689 3303 776 3347 power,
787 3303 814 3334 or
825 3287 848 3332 if
860 3288 880 3333 it
892 3287 933 3331 hus
944 3286 1004 3330 been

67 3353 182 3400 antrusted
194 3362 221 3400 to
235 3353 293 3408 him,
309 3354 356 3400 and
368 3364 411 3402 not
422 3353 523 3415 forcibly
534 3353 612 3401 seiued
623 3355 727 3416 through
741 3353 865 3414 parricide,
883 3353 913 3396 he
927 3353 936 3412 (
941 3351 1004 3396 Tur·
1097 3403 1098 3412 ἵ

66 3417 117 3477 uus)
134 3435 258 3480 supposes,
272 3421 409 3482 (although,
427 3436 486 3467 even
499 3421 523 3466 in
534 3421 583 3467 this
594 3435 654 3476 case,
672 3421 709 3466 his
719 3421 792 3480 being
803 3435 817 3465 a
829 3417 950 3474 foreigner
962 3413 1004 3460 de.

66 3494 136 3546 ttroys
155 3488 195 3533 the
216 3486 371 3548 obligation,)
390 3488 442 3534 that
459 3487 499 3534 the
520 3487 604 3534 Latius
622 3486 673 3534 also
688 3487 765 3549 ought
781 3496 806 3531 to
822 3482 854 3528 do
872 3482 911 3526 the
929 3493 1001 3527 seme.

66 3556 169 3612 -ριιοᾱ,
183 3555 225 3602 the
236 3553 333 3604 relative
345 3569 463 3616 pronoun.
