2262 3858
122 201 180 260 306
513 203 547 264 Τ.
567 205 668 265 LIVll

127 352 262 436 flagitaret
274 362 361 432 miles,
375 362 448 421 haud
461 364 557 441 procul
570 377 638 434 erat,
647 365 712 442 quin
726 375 815 422 casua
824 359 936 440 qubque
946 363 1070 420 urbanae

115 440 272 498 'seditionis
291 443 453 518 contagione
474 445 655 502 turbarentur.
695 445 772 501 lnter
791 444 839 501 lias
858 443 914 500 iras
937 441 1027 519 plebis
1046 443 1077 498 in

131 519 236 585 Patres,
245 539 329 595 quum
339 523 440 580 tribuni
454 523 541 599 plebis
556 533 562 558 ‘
576 543 649 582 nunc
662 524 730 580 illud
741 535 850 597 tempus
861 521 929 579 esse'
944 522 1072 578 dicerent

131 599 331 680 ‘'stabiliendae
344 602 484 670 libertatis,
498 615 527 660 et
540 602 575 660 ab
590 603 692 679 Sergiis
701 602 886 677 Virginiisque
899 601 934 658 ad
948 600 1076 676 plebeios

75 746 80 755 Ι
132 678 226 735 ‘viros
246 679 330 737 fortes
349 699 382 738 ac
401 692 526 739 strenuos
546 682 725 740 transferendi
738 681 840 738 summi
856 680 969 737 honoris
981 678 998 746 ;'
1019 697 1075 735 non

131 768 223 814 tamen
237 758 308 816 uitri
326 778 483 837 processum
502 771 552 826 est,
574 761 655 836 quarn
673 774 706 818 ut
725 769 813 818 unus¹
836 779 871 818 ex
884 759 975 836 plebe,
995 777 1076 814 usur·

130 837 214 912 pandi
224 835 294 912 juris
308 841 399 907 causei,
421 840 453 896 Ρ.
467 839 591 897 Licinius
606 841 708 898 Calvus
727 841 853 897 tribunus
872 839 994 895 militum
1008 857 1075 894 con·

131 915 215 973 sulari
229 929 366 993 potestate
380 932 536 976 crearetur:
557 920 641 977 ceteri
659 919 765 996 patricii
785 918 869 976 creati
884 917 1074 984 P.,Maenius,

232 993 405 1064 L.·Titinius,
418 999 451 1056 P.
461 997 591 1066 Maelius,
602 997 637 1056 L.
646 999 745 1055 Furius
756 997 937 1063 Medullinus,
948 995 985 1052 L.
998 996 1075 1053 Pub-

132 1064 194 1168 ζῶε
231 1075 304 1132 lilius
313 1076 438 1135 Volscus.
478 1077 816 1154 lpsaplebesmirabatur‚
831 1085 839 1112 ⁴
853 1088 999 1134 setantaur
1014 1095 1073 1132 rem

183 1153 189 1169 '
232 1155 404 1214 ‘obtinuisse
414 1156 431 1224 ς’
449 1176 505 1214 non
520 1158 543 1215 is
556 1153 649 1221 modi),
662 1157 710 1234 qui
724 1171 832 1214 creatus
845 1167 912 1223 erat,
933 1155 976 1211 vir
990 1153 1072 1211 nullis

131 1234 195 1292 aute
215 1231 362 1293 bonoribus
382 1256 457 1303 usus,
476 1248 555 1294 vetus
575 1237 681 1294 tantinn
699 1248 807 1294 senator
818 1239 838 1302 ²,
858 1249 888 1292 et
904 1245 997 1292 aetate
1012 1233 1071 1310 jam

129 1312 228 1387 gravis.
268 1313 331 1373 Nec
349 1316 415 1374 satis
434 1328 550 1383 constat,
571 1335 620 1374 cur
632 1315 737 1392 primus
749 1335 782 1373 ac
799 1314 959 1391 potissimus
973 1314 1009 1370 ad
1023 1332 1072 1368 no·

130 1410 195 1446 vum
215 1392 389 1452 delibandum
409 1393 540 1452 honorem
562 1396 598 1452 sit
618 1393 734 1452 babitus.
777 1395 834 1451 Alii
856 1393 933 1452 ‘Cm
948 1392 1071 1450 Cornelii

129 1469 280 1539 tfratris³,'
300 1475 347 1548 qui
366 1473 493 1531 tribunus
513 1474 630 1532 militum
651 1474 740 1550 priore
754 1473 936 1538 annoiuerat,
956 1471 1070 1548 triplex·

129 1567 184 1623 que
197 1551 366 1625 stipendium
380 1553 519 1628 equitibus
533 1555 654 1620 dederat,
670 1560 677 1588 ‘
690 1553 777 1628 gratini
790 1563 944 1610 extractum
958 1552 995 1608 ad
1009 1563 1069 1608 tan·

130 1636 210 1685 ‘tum
225 1627 364 1688 bonorem'
379 1633 502 1690 credunt.
544 1633 603 1689 Alii
624 1633 795 1693 ‘orationem
811 1632 906 1708 ipsum
925 1631 1068 1707 tempesti-

130 1713 213 1766 ‘vam
227 1709 263 1765 de
276 1712 423 1768 concordiis
436 1711 572 1778 ordinum,
594 1711 722 1769 Patribus
738 1711 865 1786 plebique
885 1723 1001 1784 gratam,
1021 1708 1067 1766 ha·

129 1793 138 1824 ¹
152 1786 261 1846 buisse.’
291 1788 356 1848 Hitc
366 1791 481 1847 victoriis
490 1791 663 1848 comitiorum
675 1791 842 1848 exsultantes
853 1789 956 1846 tribuni
969 1789 1066 1866 plebis,

128 1867 536 2006 {aiaminiliimpumffiim
548 1869 724 2006 impediepat,
735 1871 770 1926 de
778 1869 884 1962 tributo
894 1868 1067 1926 remiremnt.
1115 1883 1116 1903 ¹

155 1966 172 2003 o
209 1959 334 2006 tumne
356 1963 578 2013 tenter,¹m1ssum
598 1968 663 2006 nea
695 1959 909 2006 exercitumest.

167 2025 251 2085 Xlll.
272 2028 373 2085 Anxur
386 2029 414 2085 in
429 2027 537 2086 Volscis
556 1970 633 2086 bilevi
649 2042 789 2103 receptum
800 2040 854 2089 est.
875 2027 1010 2102 neglectis
1023 2027 1065 2085 die

126 2104 198 2164 sesto
211 2107 343 2165 custodiis
356 2109 440 2166 urbis.
480 2107 598 2183 Insignis
618 2127 705 2166 annus
719 2106 808 2164 hieme
821 2106 914 2182 gelidai
926 2125 960 2164 oc
972 2107 1065 2163 nivosa

126 2183 187 2252 tuit,
202 2183 271 2244 adei)
285 2199 317 2244 nt
329 2187 519 2256 vincolamus,
542 2187 648 2246 Tiberis
669 2186 857 2262 innavigabilis
870 2185 963 2242 luerit.
1006 2187 1062 2242 An·
1114 2219 1115 2226 κ

127 2281 200 2320 nona
213 2285 248 2321 ex
261 2268 324 2323 ante
334 2268 467 2324 convecti
480 2267 559 2343 copiis
572 2266 638 2322 nibil
652 2266 768 2323 mutavit
778 2264 800 2320 ⁴.
842 2264 881 2322 Et
894 2265 959 2339 qnia
974 2265 1007 2322 P.
1017 2264 1061 2322 Li-

127 2342 223 2404 cinius.
238 2357 270 2400 ut
282 2358 393 2421 ceperat
406 2345 480 2403 haud
492 2346 661 2404 tumultuose
674 2344 872 2420 magistratum,
883 2343 988 2420 majore
1001 2363 1062 2420 gan·

127 2420 174 2477 dio
187 2421 283 2497 plebis,
298 2422 379 2498 quiam
393 2425 579 2500 indignatione
594 2426 716 2490 Petrum,
731 2424 770 2481 ita
783 2423 865 2481 etiam
879 2424 966 2498 gessit
978 2447 985 2489 ;
1004 2423 1062 2480 dul·

126 2500 314 2559 cedoinvasit
333 2502 465 2578 proximis
482 2504 600 2561 comitiis
619 2505 789 2561 tribunorum
811 2503 929 2558 militnm
942 2502 1061 2579 plebeios
1113 2549 1114 2558 ,

127 2579 245 2637 meandi.
287 2581 367 2640 Unus
389 2581 433 2638 Μ.
449 2581 579 2639 Veturius
602 2603 637 2640 ex
657 2583 777 2659 patriciis
799 2582 953 2639 candidatis
973 2581 1059 2639 locum

127 2659 233 2716 tenuit:
254 2660 375 2737 plebeios
395 2661 463 2719 alios
488 2663 610 2718 tribunos
630 2662 746 2718 militnm
767 2659 904 2718 consulari
927 2673 1060 2737 potestate

227 2758 323 2798 omnes
336 2741 393 2798 fere
406 2741 545 2798 centuriae
558 2742 661 2808 dixere,
676 2740 719 2798 M.
734 2740 928 2816 Pomponium,
943 2739 979 2798 C.
992 2739 1058 2797 Dui-

127 2807 187 2912 3'53'
226 2819 303 2887 lium,
324 2819 488 2878 Voleronem
511 2820 668 2887 Publilium,
690 2820 741 2878 Cn.
760 2819 927 2894 Genucium,
950 2818 985 2875 L.
1000 2819 1058 2879 Ati·
1112 2819 1113 2830 ¹

180 2897 186 2912 '
226 2898 302 2955 lium.
343 2899 463 2958 Tristem
477 2898 606 2971 hiemem,
621 2899 678 2958 sive
692 2918 727 2956 ex
737 2899 899 2975 intemperie
912 2899 991 2966 coeli,
1002 2917 1056 2974 rap·

160 3057 166 3086 ¹
188 3059 230 3108 All
242 3058 281 3106 tba
292 3060 371 3108 others
382 3059 544 3115 enumerated,
556 3067 641 3122 except
657 3059 752 3113 Furius.
765 3073 828 3104 vere
839 3055 969 3118 plebeianus.
1003 3057 1055 3104 'l'bir
1111 3093 1112 3104 .

123 3125 144 3174 ir
156 3126 284 3188 evidently,
292 3128 416 3182 therefore,
429 3128 554 3176 amistake
565 3129 594 3176 of
603 3126 694 3189 livy's,
706 3125 755 3174 and
765 3141 828 3187 may,
836 3124 967 3188 according
978 3134 1003 3172 to
1014 3124 1055 3174 Pe.

123 3193 236 3253 rizonius,
255 3196 315 3243 have
331 3193 408 3243 arisen
425 3196 487 3243 from
505 3195 614 3244 Licinius
630 3193 719 3256 having
730 3195 788 3241 been
801 3193 916 3240 soremost
933 3192 960 3240 in
972 3193 1010 3240 tbc
1020 3192 1054 3238 list

122 3263 152 3312 of
164 3261 296 3312 successful
312 3262 455 3314 candidates.
524 3265 573 3312 ¹1r
589 3263 610 3310 is
620 3261 725 3312 doubted
739 3257 1054 3320 whenplebeiansubta‘incd
1110 3277 1111 3280 ¹

122 3328 251 3380 admission
263 3329 314 3378 into
325 3330 365 3378 the
375 3339 463 3387 senate,
481 3333 526 3380 bnt
536 3332 583 3378 this
594 3344 692 3391 passage
703 3343 788 3389 proves
797 3327 849 3375 that
859 3327 879 3374 it
890 3343 939 3374 was
951 3327 1054 3388 previous

120 3406 146 3446 to
162 3398 209 3448 tbis
225 3398 288 3446 date.
356 3397 366 3424 ¹
384 3397 510 3446 Cornelius
526 3407 591 3446 must
604 3397 679 3444 either
695 3395 754 3442 bare
771 3398 830 3444 been
847 3393 904 3456 only
917 3395 954 3442 bis
967 3394 1053 3444 brother.

121 3464 203 3526 bytho
220 3464 333 3516 mother’s
347 3463 406 3522 side,
423 3479 451 3510 or
466 3475 533 3513 must
548 3467 607 3516 bave
624 3466 684 3512 been
696 3478 710 3510 a
721 3462 828 3523 plebeiae
840 3461 945 3523 adopted
956 3461 1006 3510 into
1015 3461 1051 3508 tbe

120 3531 236 3590 patrician
247 3531 328 3596 family
341 3531 370 3581 oi
378 3533 417 3580 the
431 3531 543 3584 Cornelii.
614 3531 623 3562 ⁴
639 3534 751 3594 Mutabit,
762 3529 848 3593 supply
860 3545 894 3578 se.
