2224 3862
414 235 540 294 nmen
562 207 641 294 111(
946 239 1004 295 son
1110 189 1111 242 ³

68 393 195 470 ‘'proteui
215 393 293 450 estis.
336 393 381 452 Ibi
399 395 472 453 felici
491 396 561 462 Meo,
582 395 630 452 ubi
650 394 738 471 prinu
758 395 836 455 initio
855 394 1004 454 inchoristis

66 473 215 532 ‘libertatis
236 485 354 540 vestrae,
381 473 507 532 tribunos
532 475 606 552 plebi
632 473 769 532 creabitis.
810 477 925 534 Praesto
951 476 1004 532 erit

66 553 205 628 ‘pontifex
226 553 375 621 maximus,
397 555 445 628 qui
465 555 577 612 comitia
600 553 714 611 habeat!
755 554 856 630 Ingens
876 573 1004 612 assensus

64 632 239 706 alacritasque
253 644 354 690 cuncta
366 634 575 708 approbantium
590 633 651 690 luit.
688 632 855 691 Convellnnt
868 635 933 692 inde
949 634 1004 709 sig·

64 731 101 777 na,
115 711 290 788 profectique
306 712 425 770 Romam
439 725 545 770 certant
559 733 622 771 cum
636 711 723 770 obviis
740 713 852 788 gaudio.
894 713 1005 770 Armati

62 810 105 866 por
117 792 218 848 urbem
232 790 343 848 silentio
356 791 385 848 in
400 793 571 850 Aventinum
589 792 761 869 perveniunt.
802 793 844 850 lbi
855 793 1004 869 extemplo,

62 869 189 945 pontifice
203 869 327 926 maximo
340 871 452 928 comitia
464 870 591 940 habente,
606 871 730 928 tribunos
739 871 825 946 plebis
834 884 1004 938 creaverim,

62 949 183 1006 omnium
204 949 324 1025 primum
341 951 377 1006 Α.
392 949 557 1025 Virgininm,
578 950 643 1008 inde
663 949 697 1008 L.
713 949 831 1017 Icilium,
852 965 881 1007 et
894 951 927 1008 P.
943 949 1004 1007 Nu·

62 1028 201 1086 micerium
222 1029 389 1086 avunculum
404 1029 556 1104 virginiae,
575 1042 702 1088 auctores
720 1030 891 1088 secessionis.
930 1029 1004 1086 Tum

64 1107 93 1165 C.
107 1107 255 1175 Sicinium,
270 1108 429 1184 progeniem
442 1109 503 1184 ejus
512 1108 530 1178 ¹,
544 1129 627 1184 qnam
643 1115 650 1144 ‘
665 1108 785 1184 primurn
796 1109 936 1165 tribunum
947 1109 1005 1184 ple·

1 1203 2 1222 ³
63 1187 123 1244 ‘bin
145 1200 273 1245 creatum
291 1188 320 1244 in
341 1188 425 1245 Sucro
443 1187 555 1256 monte*
574 1187 714 1264 proditum
734 1189 883 1246 memoriae
896 1201 956 1250 est;
977 1200 1005 1243 et
1110 1257 1111 1264 ἵ

62 1264 103 1322 Μ.
116 1265 258 1334 Duilium,
272 1267 320 1341 qui
333 1267 503 1324 tribunatum
518 1267 653 1344 insignem
667 1280 735 1344 ttrite¹
745 1268 916 1325 decemviros
929 1285 1004 1324 creu-

1 1358 3 1367 '
62 1358 100 1402 tas
121 1357 255 1420 gesserat,
272 1366 325 1403 nec
344 1347 371 1402 in
394 1347 620 1404 decemviralibus
639 1346 836 1404 certaminibus
859 1345 933 1422 plebi
956 1346 1004 1402 de·
1110 1397 1111 1404 ,

1 1481 2 1484 ,
60 1424 153 1482 luerat.
197 1425 254 1500 Spe
268 1425 368 1482 deinde
382 1427 478 1501 magis,
491 1426 576 1502 quum
591 1426 704 1493 meritis,
714 1426 805 1490 electi,
818 1425 862 1482 M.
873 1425 1003 1491 Titinius,
1110 1423 1111 1476 l

1 1529 2 1534 ¹
60 1503 100 1560 M.
119 1504 305 1580 Pomponius,
326 1504 359 1562 C.
379 1506 530 1582 Apronius,
551 1507 584 1564 Ρ.
597 1506 705 1572 Villius,
727 1505 760 1563 C.
781 1505 900 1580 Oppius.
941 1503 1004 1561 Tri·
1110 1515 1111 1584 p

1 1603 2 1658 3
61 1585 162 1640 boneta
186 1584 267 1650 inito,
291 1581 326 1639 I..
340 1584 434 1641 Icilius
456 1585 596 1661 extemplo
617 1585 726 1661 plebem
746 1585 861 1660 rogavit,
881 1595 910 1642 et
926 1583 1004 1660 plebs

60 1663 143 1732 scirit,
158 1681 196 1720 ne
210 1663 256 1719 eni
271 1663 359 1720 fraudi
371 1677 445 1722 esset
457 1665 577 1722 secessio
590 1666 625 1722 ab
634 1665 797 1722 ‹leoenrviris
807 1665 888 1721 luctu.
929 1662 1004 1722 Con·
1110 1679 1111 1734 ς

60 1743 146 1799 lesum
167 1743 205 1798 ‹le
225 1743 383 1798 oonsulibus
402 1745 526 1802 creandis
544 1764 608 1802 cnm
622 1744 817 1821 provocatione
831 1741 876 1800 M.
890 1741 1004 1798 Duilius
1110 1737 1111 1794 ἒ

60 1823 229 1913 ruptionem
241 1821 252 1852 ²
269 1821 391 1898 pertulit.
430 1823 474 1915 lla
488 1825 579 1880 omnia
593 1823 719 1915 inpiatis
734 1822 875 1880 Flaminiis
886 1820 1004 1879 concilio

60 1901 141 1977 ‘¹²⁵¹‘
154 1901 884 2058 ωἶθῗῗέἒῑζῗὲῐῗὲῗεῗ(ιῖἒὲῗέῗὲἓὲθῖῗῖἒὲ
898 1977 933 2034 n.
948 1977 1005 2034 v,-

63 2063 85 2098 “-
98 2063 119 2100 0·
160 2059 256 2126 letius,
274 2059 318 2116 M.
332 2060 485 2127 Horatium
509 2059 557 2134 qui
571 2059 712 2135 extemplo
726 2059 914 2132 magistratum
925 2076 1004 2114 oocu-
1037 2075 1040 2082 '
1110 2095 1111 2100 κ

62 2118 114 2168 ³⁰⁶·
160 2151 283 2215 petunt:
302 2159 420 2215 quorum
434 2139 592 2198 consulatus
606 2137 813 2214 populeristisse
824 2136 881 2192 ulli
890 2135 1005 2193 Petrum
1110 2197 1111 2210 ,

61 2219 165 2297 injuriis,
181 2238 235 2275 nec
245 2219 304 2276 sine
318 2219 468 2278 offensione
482 2219 543 2298 fuit,
583 2217 724 2292 Quicquid
734 2216 807 2274 enim
818 2215 938 2273 liberiori
947 2215 1005 2290 plu·

62 2299 99 2355 bis
119 2310 276 2366 caveretur,
296 2298 324 2354 irl
344 2299 400 2356 suis
421 2299 555 2356 decedere
569 2297 668 2373 opibus
682 2297 839 2354 credebant.
871 2295 1005 2352 Omnium

59 2379 187 2454 primurn,
202 2395 289 2450 quum
303 2377 390 2434 veluti
403 2379 431 2434 in
446 2391 622 2436 controverso
633 2375 696 2453 jure
710 2387 792 2443 osset,
811 2386 1006 2432 tenerenturne

61 2457 156 2515 Patres
184 2457 344 2534 plebiscitis,
369 2457 459 2532 legem
483 2455 643 2514 centuriatis
671 2455 790 2513 comitiis
808 2455 905 2521 tulere,
932 2452 1007 2520 ‘Ut,

56 2543 69 2614 .‘
81 2538 156 2612 quod
172 2536 297 2594 tributim
309 2537 402 2612 plebes
411 2537 548 2614 jussisset,
558 2535 692 2612 populum
703 2533 827 2592 teneret!
868 2532 933 2596 Qut
945 2531 1007 2606 lege
1110 2551 1111 2614 ]

61 2617 216 2674 tribuniciis
229 2615 418 2690 rogationibus
431 2615 517 2673 telum
531 2617 694 2674 acerrimum
709 2615 804 2672 (latum
819 2625 870 2670 est.
913 2610 1006 2668 Aliam

60 2695 161 2754 Mede
174 2695 347 2753 consularem
356 2695 446 2771 legem
457 2695 492 2752 de
500 2695 703 2770 provocatione,
717 2692 830 2750 unicum
839 2689 1007 2766 praesidium

60 2775 205 2842 libertatis,
219 2775 393 2832 decemvirali
411 2784 548 2851 potestate
562 2792 693 2839 eversum,
715 2791 770 2828 non
784 2772 935 2828 restituunt
947 2787 1007 2826 mo-

62 2851 103 2922 dt,
118 2855 170 2912 sed
185 2855 271 2912 etiarn
285 2855 312 2910 in
327 2866 467 2930 posterum
482 2853 619 2920 muniunt,
632 2851 782 2910 sanciendo
794 2869 893 2907 novum
904 2849 1006 2925 legem,

62 2942 71 2969 ’
83 2935 127 2994 Ne
141 2935 206 3010 quis
220 2934 306 2990 ullum
322 2933 510 3010 magistratum
525 2933 583 2990 sino
597 2931 791 3008 provocatione
805 2940 918 2988 crearet.
950 2927 1008 2992 Qui

61 3015 191 3078 creti-sset,
212 3033 277 3070 enm
293 3013 341 3089 jus
358 3015 452 3089 susque
473 3023 546 3070 esset
559 3011 665 3070 occidi:
692 3029 761 3068 neve
775 3029 808 3066 eu
822 3009 921 3066 caedes
934 3007 1009 3084 cepi·

61 3093 123 3151 tulis
139 3112 232 3150 noxae
246 3092 408 3151 haberetur!
450 3091 489 3150 Et
502 3111 587 3166 quum
602 3089 711 3166 plebem
725 3087 790 3146 hinc
803 3086 1008 3164 provocatione,

61 3172 123 3230 ltine
136 3172 290 3230 tribunicio
300 3173 404 3230 auxilio
417 3172 483 3229 antis
496 3170 661 3236 firmissent,
675 3168 741 3244 ipsis
755 3169 867 3243 quoque
880 3165 1007 3231 tribunis,

61 3266 91 3310 ut
102 3252 276 3310 sacrosancti
290 3253 455 3317 riderentur,
471 3249 566 3326 (cnjus
579 3250 618 3306 rei
633 3267 719 3325 prope
727 3247 785 3324 jarn
800 3245 1008 3334 memoriaabo·

62 3329 192 3406 leverat)
214 3331 308 3394 relatis
327 3331 490 3406 quibusdem
509 3349 544 3385 ex
559 3347 660 3403 magno
679 3327 822 3384 intervallo
835 3323 1008 3389 coremoruis,
1110 3377 1111 3384 χ

61 3411 246 3478 menstruum
269 3422 299 3468 et
312 3431 396 3486 quum
411 3408 542 3486 religione
555 3407 700 3465 inviolatos
715 3425 771 3474 eos,
781 3417 841 3461 tum
853 3402 913 3475 lege
925 3400 1008 3456 etiam
1110 3427 1111 3446 ,

101 3568 109 3596 ¹
130 3568 177 3618 See
191 3565 230 3615 11.
242 3568 284 3617 33.
356 3565 366 3594 '
388 3569 432 3617 see
443 3581 467 3632 p.
484 3563 541 3625 134,
552 3564 644 3614 notet.
