2224 3862
114 175 172 234 234
501 175 535 232 Τ.
556 174 656 236 L1v11

118 334 175 390 ‘de
195 331 309 408 plebeiis
329 333 489 390 consulibus
507 333 632 392 tribunos
651 345 700 391 aut
713 343 799 390 tetam
813 329 993 408 deposituros,
1006 345 1053 390 aut

120 423 128 446 ‘
142 425 205 488 post
218 411 319 469 bellum
334 412 466 468 dilaturos
479 432 558 479 esse;
578 426 789 487 contentamque
797 410 905 468 interim
921 411 1053 468 connubio

121 491 249 566 ‘plebem
271 503 392 567 paratam
413 492 532 549 delectui
551 493 626 549 fore!
666 493 760 555 Quum
783 490 933 548 Canuleius
947 490 1055 548 victorii

121 570 156 626 de
170 569 298 628 Patribus
318 583 347 627 et
360 571 448 646 plebis
461 571 575 628 lavore
567 591 664 646 rugans
678 583 759 636 esset,
773 589 881 628 accensi
873 568 946 625 ιιΙίἰ
958 569 1055 626 tribuni

120 645 155 706 ad
176 661 323 740 certamen,
337 651 541 725 prorogatione
555 653 613 718 enti,
627 651 736 707 summai
748 650 775 705 vi
787 660 920 726 pugnant,
936 660 973 716 et,
989 669 1054 706 cret-

120 739 200 786 cente
222 727 330 785 indies
352 729 425 786 fami
445 729 521 798 belli,
545 731 681 787 delectum
710 730 872 820 impediunt
915 727 1054 795 Consules,

120 827 205 882 quum
220 826 269 882 per
281 820 416 877 senatum,
429 809 662 866 intercedentibus
676 807 800 874 tribunis,
819 806 885 864 nihil
900 807 944 880 agi
959 819 1055 884 posset,

120 886 231 946 consilia
244 886 397 963 principum
412 889 487 943 dorni
501 888 644 944 habebant.
686 888 853 963 Apparebat,
865 899 914 943 ant
929 885 1054 952 hostibus,

120 978 168 1024 eut
181 965 287 1022 civibus
299 966 336 1023 tle
350 967 463 1023 victoriis
476 969 682 1024 eoncedendum
699 987 767 1024 esse.
809 966 867 1024 Soli
886 985 923 1021 ex
937 965 1055 1022 consuls:

120 1045 196 1106 tibus
210 1043 335 1101 Valerius
355 1058 438 1120 atque
460 1046 594 1102 Horatius
613 1065 668 1102 non
690 1046 838 1102 intererant
857 1044 988 1102 consiliis.
1025 1044 1053 1102 C

122 1123 230 1180 Claudii
239 1125 375 1182 sententia
384 1125 509 1182 consules
522 1125 662 1182 armabat
655 1145 682 1181 ιιι
694 1125 835 1182 tribunos:
856 1124 1053 1190 Quinctiorum,

122 1202 332 1278 Cincinnatique
352 1215 381 1260 ct
403 1205 560 1280 Capitolini,
580 1205 733 1261 sententiae
752 1203 936 1260 abhorrebant
949 1223 966 1260 a
979 1204 1053 1261 caede

120 1282 317 1356 violandisque,
333 1289 431 1357 ‘qnos
445 1284 555 1341 loedere
569 1284 625 1340 icto
638 1303 701 1340 cum
714 1282 805 1359 plebe,
816 1294 1003 1340 sacrosanctos
1015 1301 1053 1339 ac·

122 1368 130 1394 ‘
144 1360 299 1436 cepissent!
340 1361 395 1420 Per
414 1360 482 1420 baec
502 1362 615 1420 consilia
628 1359 662 1420 eb
676 1363 796 1420 deducta
808 1381 852 1419 ras
865 1373 918 1427 est,
933 1374 966 1418 ut
977 1361 1053 1418 tribu·

120 1458 171 1496 nos
185 1439 321 1496 militum·
341 1441 476 1498 consulari
495 1454 632 1517 potestate
653 1441 808 1517 promiscue
831 1461 867 1498 ex
888 1441 1014 1498 Patribus
1025 1460 1053 1497 ac

121 1517 202 1592 plebe
215 1519 301 1576 creari
314 1519 450 1586 sinerent;
470 1521 505 1577 de
518 1520 677 1578 consulibus
689 1521 813 1578 creandis
823 1519 891 1576 nibil
901 1531 1052 1577 mutaretur.

121 1596 220 1671 quue
237 1598 359 1665 contenti
378 1564 489 1666 tribridi,
516 1612 647 1657 contente
665 1600 743 1676 plebs
762 1600 822 1657 fuit.
873 1599 998 1657 Comitia
1013 1599 1052 1655 tri·

120 1675 202 1735 bunis
215 1677 351 1735 consulari
367 1689 504 1753 potestate
517 1679 605 1740 tribus
614 1679 738 1736 creandis
747 1679 914 1736 indicuntur.
956 1678 1052 1742 Quibus

120 1755 238 1824 indictis,
260 1757 408 1832 extemplo,
429 1757 585 1832 quicunque
605 1758 708 1834 aliquid
728 1758 859 1815 seditiose
878 1758 996 1826 dixerat,
1012 1769 1052 1814 aut

119 1834 231 1902 fecerat,
246 1855 327 1910 quam
342 1836 461 1893 maxime
475 1837 622 1905 tribunicii,
636 1851 665 1895 et
678 1857 806 1914 prensare
815 1835 952 1904 hemines,
962 1851 1050 1895 etcor-

120 1931 229 1971 cursare
249 1927 309 1972 toto
328 1915 387 1972 foro
408 1916 546 1974 candidati
567 1936 699 1991 coepere·
719 1929 751 1973 ut
764 1917 892 1993 patricios
906 1915 1050 1993 desperatio

119 1989 218 2068 primo,
239 1993 344 2052 irritata
364 1995 452 2071 plebe,
470 1996 640 2071 adipiscendi
654 1995 772 2064 honoris,
787 1995 1049 2090 deindeindiguatio,

120 2073 145 2134 ti
161 2092 225 2130 cum
246 2071 288 2130 his
307 2075 444 2148 gerendus
458 2089 530 2132 esset
543 2075 638 2143 honos,
655 2076 815 2133 deterreret.
855 2072 1000 2134 Postremi
1012 2093 1049 2131 co·

119 2152 174 2208 acti
195 2164 286 2210 tamen
308 2173 324 2209 a
344 2153 509 2230 primoribus
523 2155 636 2231 petiere,
648 2173 683 2211 ne
697 2155 810 2212 cessisse
824 2155 995 2246 possessione
1006 2153 1048 2209 rei-

120 2231 245 2304 publicae
268 2231 458 2289 viderentnr².
500 2233 625 2290 Eventus
647 2253 741 2290 eornm
763 2233 939 2290 comitiorum
959 2233 1048 2298 docuit

121 2308 191 2367 alios
207 2310 313 2366 animos
332 2311 360 2367 in
375 2313 551 2368 contentione
563 2313 696 2370 libertatis
710 2312 914 2388 dignitatisque,
930 2313 1048 2381 aliosne·

123 2388 244 2443 cundum
259 2388 384 2464 deposita
394 2391 551 2458 certamina
562 2391 720 2467 incorrupto
725 2391 832 2468 yudrcro
840 2412 919 2450 esse
941 2393 1048 2450 tribunes

122 2467 195 2524 enim
217 2485 313 2522 ornnes
332 2468 461 2544 patricios
475 2471 577 2526 creavit
590 2472 726 2546 populns,
744 2484 890 2528 contentus
903 2491 948 2540 eo,
968 2466 1049 2546 ‘quid

123 2545 216 2604 ‘ratio
233 2543 328 2604 habita
347 2547 515 2623 plebeiorum
536 2549 625 2606 esset!
666 2549 749 2607 Hanc
768 2551 930 2608 modestiam
945 2550 1049 2626 nequitu·

121 2633 234 2698 temque
244 2638 277 2681 et
289 2625 461 2684 altitudinem
475 2627 560 2684 animr
552 2628 623 2686 'ubi
637 2649 711 2688 nnnc
724 2631 751 2686 iu
766 2649 821 2686 uno
833 2629 979 2702 inveneris,
990 2647 1047 2704 quae

119 2716 179 2760 tum
194 2704 287 2780 populi
302 2705 422 2762 universr
414 2705 509 2763 brit?

158 2781 225 2840 v11.
239 2786 343 2842 Anno
345 2785 539 2843 trecentesimo
554 2787 684 2845 decim0³
686 2788 791 2864 ‚quiam
805 2791 870 2846 urbs
885 2790 977 2848 Roma
991 2804 1044 2846 con·

123 2891 160 2924 ·¹
180 2895 218 2958 By
231 2897 271 2944 the
282 2898 386 2946 creation
398 2899 427 2946 os
435 2898 539 2961 military
554 2900 669 2960 tribunes,
683 2902 736 2948 who
747 2899 793 2948 had
805 2917 837 2949 no
848 2900 978 2952 sacerdotal
988 2900 1045 2948 func·

116 2963 191 3020 tiens,
209 2965 249 3010 the
263 2965 395 3013 Patricians
408 2967 455 3014 still
468 2967 544 3029 lrept'
537 2983 561 3014 ιιι
574 2969 636 3016 their
647 2985 701 3016 own
714 2969 790 3017 hands
803 2971 845 3017 the
856 2961 1048 3048 managementof

119 3032 160 3078 the
177 3031 293 3092 auspices,
312 3044 337 3081 to
349 3035 425 3082 which
443 3036 499 3096 they
512 3036 590 3099 justly
607 3037 716 3084 attached
735 3039 775 3084 tho
792 3037 910 3100 highest
902 3047 1042 3100 importante

118 3099 128 3126 ²
141 3103 269 3156 Postremo,
280 3104 323 3148 dcc.
362 3105 398 3150 At
410 3103 462 3159 lest,
475 3105 592 3164 however,
603 3105 642 3152 the
656 3105 796 3160 Patricians,
808 3104 889 3152 forced
902 3107 934 3167 lsy
945 3106 983 3152 tlte
993 3098 1044 3148 lead·

21 3205 22 3212 ,
119 3166 163 3230 ing
174 3182 230 3214 men
243 3168 271 3213 οι
280 3169 341 3216 their
352 3186 406 3216 own
419 3170 491 3234 body,
500 3171 568 3218 stood
580 3172 724 3230 candidates,
737 3173 788 3220 tbat
799 3173 854 3234 they
862 3173 941 3236 might
949 3181 1043 3218 notseem

118 3244 143 3280 ιο
160 3235 219 3281 bare
236 3235 331 3295 yielded
349 3239 389 3284 the
405 3249 573 3300 management
584 3241 613 3286 of
627 3239 708 3299 public
719 3239 806 3297 affairs,
825 3241 883 3289 then
892 3237 1008 3301 possessed
1019 3237 1042 3295 by

119 3303 192 3348 them.
249 3302 259 3330 ³
277 3303 336 3351 This
345 3304 400 3351 date
409 3305 564 3366 corresponds
574 3307 666 3353 neither
677 3307 733 3354 with
745 3309 785 3354 tlrc
797 3307 944 3369 chronology
953 3306 980 3354 of
989 3306 1044 3365 sige

118 3368 175 3416 nius
190 3371 276 3417 noros
292 3369 404 3426 Ghrean,
417 3372 496 3418 whom
511 3373 593 3419 lhare
606 3373 726 3422 followed
765 3376 818 3422 Tbs
835 3375 957 3432 former,
949 3391 973 3420 m
989 3370 1045 3420 orde?

119 3445 145 3484 to
156 3436 294 3502 reconcile'
287 3447 306 3484 rt
317 3440 375 3486 with
388 3438 424 3484 bis
435 3448 619 3497 statements,a
600 3440 619 3488 is
630 3441 726 3504 obliged
738 3452 764 3490 to
775 3444 849 3490 insert
859 3457 874 3490 a
884 3457 948 3504 year,
962 3441 1046 3488 without

119 3517 167 3563 any
179 3505 309 3567 authority.
347 3506 400 3554 The
412 3507 481 3553 latter
492 3507 610 3556 confessas
622 3509 662 3566 the
673 3509 834 3574 discrepaney,
846 3511 890 3560 but
900 3509 959 3559 does
972 3517 1009 3558 ιιοι
1017 3514 1045 3554 at·

121 3577 196 3632 tempt
208 3581 233 3618 to
245 3573 356 3624 obviate'
350 3583 377 3624 ιι.
