2230 3846
101 197 157 256 108
482 195 522 254 T.
542 195 643 256 Ltvtt

242 351 379 410 XXXIV.
401 353 537 413 Consules
557 354 705 414 deindeT.
719 355 871 449 Geganius,
894 357 926 415 P.
941 355 1040 416 Minu·

101 436 162 540 ‘¹320
204 432 263 490 eius
283 433 357 490 facti.
397 432 441 490 Eo
461 454 542 500 anuo,
563 452 647 509 quum
667 449 697 492 et
715 437 781 492 loris
801 439 896 511 quieta
915 439 1040 495 omniaa

136 492 273 569 ²·bello
287 522 387 578 essent,
401 525 431 569 et
444 513 519 570 domi
532 527 627 572 musta
639 515 783 580 discordia,
797 516 871 572 aliud
880 516 1043 591 multogra·

101 591 161 648 vius
182 592 284 648 melum
304 591 442 648 civitatem
460 592 576 648 invasit:
597 594 694 650 caritas
714 594 833 669 primum
854 614 989 662 annonae,
1005 615 1042 651 ex

100 671 210 728 incultis
230 690 280 746 per
298 670 480 728 secessionem
500 672 588 764 plebis
608 672 698 746 agris;
718 675 804 730 fernes
824 673 935 740 deinde,
950 674 1041 748 qualis

101 751 199 806 clausis
213 750 291 806 solet.
331 749 508 824 Ventumque
518 751 574 808 ιιι
567 752 707 808 interitum
717 752 889 811 servitiorum
901 753 1001 828 utique
1013 765 1042 809 et

101 829 187 904 plebis
201 841 282 895 esset,
296 847 325 884 nr
317 827 464 886 consules
479 813 669 905 providissent,
683 831 803 887 dimissis
817 831 919 906 passim
933 833 970 888 ιιι
983 832 1043 888 fru-

100 922 223 966 mentum
246 909 436 977 coemendum,
453 927 508 964 non
522 909 549 964 in
566 909 705 969 Etruriam
720 905 803 966 modo
817 911 921 966 dextris
934 911 970 966 ab
985 909 1043 967 Os-

101 987 140 1044 tia
153 987 286 1054 litoribus,
301 986 434 1062 laevoque
447 1007 496 1062 per
511 987 626 1046 Volscos
639 988 707 1044 mari
721 989 854 1062 usquead
866 989 980 1056 Cumas,
991 989 1044 1046 sed

100 1067 273 1140 quaesitum¹
294 1065 322 1122 iu
345 1064 465 1122 Siciliam
480 1063 598 1142 queque,
619 1063 689 1124 ιιιιιὸ
703 1067 881 1124 finiti-orum
896 1069 962 1124 odia
980 1068 1043 1126 lou·

100 1147 209 1220 ginquis
219 1151 365 1220 coegerant
375 1145 497 1220 indigere
507 1147 624 1202 auxiliis.
653 1146 834 1204 Frumentum
843 1147 1043 1221 Cumisquum

101 1231 258 1300 coemptum
279 1236 359 1290 esset,
381 1243 464 1280 naves
484 1245 534 1300 pro
548 1226 626 1282 bonis
641 1225 864 1300 Tarquiniorum,
878 1225 914 1282 ab
927 1225 1043 1282 Aristo-

100 1303 202 1359 demo²
223 1315 347 1378 tyranno,
362 1303 410 1377 qui
428 1301 523 1374 haeres
544 1317 610 1370 eret,
631 1317 754 1364 retentae
767 1315 840 1360 sunt.
880 1304 915 1361 Iu
928 1304 1043 1362 Volscis

100 1381 303 1457 Pomptinoque
323 1401 358 1438 ne
378 1383 434 1438 emi
453 1383 565 1456 quidem
582 1385 690 1459 potuit:
711 1384 864 1459 periculum
879 1379 992 1458 qudque
1007 1385 1043 1440 ab

99 1461 207 1535 impetu
219 1459 362 1518 hominum
376 1461 442 1535 ipsis
455 1463 696 1520 frumentatoribus
709 1464 771 1520 fuit.
812 1463 857 1520 Ex
872 1463 973 1520 Tuscis
983 1463 1043 1520 fru-

100 1550 225 1596 mentum
243 1538 338 1595 Tiberi
351 1540 443 1596 venit:
463 1559 498 1596 eo
511 1553 718 1600 sustentataest
728 1543 814 1617 plebs.
854 1542 1042 1600 Incommode

99 1619 173 1676 bello
193 1619 221 1673 ιιι
241 1629 296 1674 tam
317 1619 400 1676 arctis
420 1621 620 1677 commeatibus
634 1621 724 1677 vexati
745 1623 843 1686 forent,
864 1621 893 1678 ni
912 1621 1042 1687 Volscos,

96 1697 155 1773 jam
175 1708 317 1758 merentes
331 1717 414 1764 arma,
430 1699 585 1772 pestilentia
599 1701 695 1774 ingens
708 1700 862 1756 invasisset.
903 1700 947 1758 Ba
961 1701 1042 1758 clade

100 1774 255 1834 conterritis
275 1774 395 1834 hostium
412 1777 519 1844 animis,
539 1790 570 1834 ut
590 1779 681 1842 ctiam,
703 1778 751 1834 ubi
765 1797 797 1838 cu
810 1778 971 1846 remisisset,
985 1791 1043 1836 ter·

100 1876 162 1914 rore
176 1855 268 1930 aliquo
285 1867 452 1922 tenerentur,
467 1869 496 1912 et
511 1857 623 1914 Velitris
641 1877 743 1916 suxere
760 1877 905 1914 numerum
926 1859 1042 1916 colono·
1067 1853 1069 1863 ¹

100 1955 163 1994 rum
184 1933 321 2026 Romani,
334 1948 363 1992 et
384 1935 495 1992 Norbae
514 1937 542 1994 ιιι
562 1949 671 1994 montes
690 1956 789 1992 novam
806 1937 953 2004 coloniam,
971 1955 1044 2012 quas

201 2033 251 2072 arx
264 2015 292 2070 iu
307 2015 457 2091 Pomptino
470 2028 551 2081 esset,
561 2015 709 2072 miserunt.
743 2015 786 2073 M.
798 2013 928 2072 Minucio
938 2017 1043 2076 deinde

85 2094 163 2200 'Uisc-
201 2106 230 2151 et
245 2097 282 2150 A.
305 2093 467 2170 Sempronio
487 2096 652 2163 oonsulibus,
674 2113 772 2186 magna
793 2094 833 2153 via
852 2096 986 2152 immenti
1006 2116 1043 2154 ex

136 2153 296 2231 ³Sicittt
315 2175 445 2231 advecta:
466 2176 655 2250 agitatumque
674 2175 703 2231 in
720 2185 825 2239 senatu,
846 2175 943 2248 quanti
964 2175 1041 2249 plebi

101 2254 218 2310 daretur.
262 2251 369 2308 Multi‘
380 2254 486 2310 venisse
497 2267 605 2329 ternpus
616 2252 883 2328 premendeeplebis'
894 2253 1042 2328 putabunt,

102 2339 272 2407 ‘recuperari
275 2330 358 2405 dique
367 2329 438 2406 jura,
453 2352 523 2406 quae
537 2346 646 2389 extorta
658 2333 812 2390 secessione
826 2351 858 2388 ec
872 2352 899 2387 vr
891 2332 1042 2391 Patribus

103 2408 240 2472 ⁸,essentr'
260 2409 289 2466 in
309 2410 404 2484 primis
425 2410 548 2468 Marcius
571 2412 741 2477 Coriolanus,
763 2409 851 2466 hostis
876 2411 1042 2470 tribuniciae
1099 2463 1100 2470 ,

102 2488 256 2566 potestatis,
272 2496 279 2521 ‘
294 2489 324 2546 Si
338 2508 472 2550 annonam
483 2488 512 2558 ³‚’
524 2491 621 2564 inquit,
636 2498 644 2524 ‘
658 2503 778 2548 veterem
793 2488 897 2555 volunt,
908 2489 958 2565 jue
972 2492 1042 2566 pris-

102 2578 110 2602 ‘
125 2569 212 2624 tinum
227 2567 343 2624 reddant
358 2568 494 2626 Patribus.
535 2569 593 2626 Cur
601 2589 653 2643 ego
661 2569 783 2645 plebeios
794 2569 980 2644 magistratus,
990 2589 1042 2630 cur

102 2647 259 2706 ‘Sicinium
280 2659 420 2722 potentem
440 2648 530 2713 video,
551 2650 602 2705 sub
620 2647 720 2724 jugum
742 2648 850 2714 missas,
871 2661 1042 2722 tanquama

102 2739 109 2764 ‘
124 2725 275 2784 latronibus
295 2727 478 2802 redemptus?
501 2727 598 2802 Egone
619 2727 667 2784 has
681 2727 858 2802 indignitates
872 2727 978 2784 diutius
992 2746 1040 2802 pe·

102 2818 109 2844 ‘
124 2807 184 2874 tier,
199 2805 280 2880 quam
291 2825 403 2864 neccsse
413 2808 479 2865 est?
502 2806 680 2882 Tarquinium
692 2826 784 2881 regern
794 2805 842 2880 qui
852 2825 907 2862 nou
918 2806 1040 2879 tulerim,

102 2898 109 2923 ‘
125 2885 259 2944 Sicinium
279 2886 388 2944 feram?
412 2885 625 2952 Scaudianum,
646 2898 743 2942 avocet
756 2885 883 2976 plebem:
903 2896 983 2960 patet
996 2885 1040 2942 ris

101 2966 152 3024 ‘iu
173 2965 286 3022 Sacrum
307 2977 429 3022 montem
450 2965 572 3039 aliosque
592 2965 693 3022 colles.
713 2967 819 3040 rapiant
841 2963 982 3020 frumenta
1004 2983 1040 3023 ex

100 3043 195 3120 ‘egris
209 3044 316 3109 nostris,
332 3045 564 3118 quemadmodum
578 3044 873 3118 tertioannorapuere.
915 3043 1040 3103 Utantur
1099 3093 1100 3106 ,

99 3125 236 3185 ‘annona
251 3142 332 3214 quarn
349 3123 440 3178 furore
460 3143 511 3179 suo
524 3124 621 3180 iecere.
663 3123 765 3178 Audeo
783 3123 883 3187 dicere,
898 3119 952 3179 hoc
967 3123 1039 3178 malo
1099 3185 1100 3196 χ

99 3214 107 3240 ‘
122 3202 261 3260 domitos
254 3221 328 3276 ipsos
341 3201 432 3275 potiris
446 3203 567 3258 cultores
580 3220 708 3276 agrorum
722 3201 789 3267 sore,
803 3219 886 3275 quam
897 3213 930 3257 ut
940 3201 1039 3258 armati
1099 3205 1100 3232 ³

99 3292 171 3360 ‘per
191 3281 372 3337 secessionem
392 3279 444 3336 coli
462 3279 642 3356 prohibeant!
682 3278 771 3335 Haud
788 3291 845 3336 tum
865 3279 945 3336 facile
962 3280 1039 3336 dictu

133 3431 309 3484 1Ωιιιιιιίιιιιιι,
317 3423 466 3486 thesupine.
543 3422 615 3472 'See
629 3425 704 3484 Chup
718 3424 758 3473 21.
811 3427 952 3483 'Annonm
966 3425 1041 3505 either
1099 3403 1100 3464 J

100 3501 165 3554 corn,
177 3511 203 3542 as
213 3495 238 3540 in
250 3495 290 3540 the
301 3492 389 3540 second
400 3503 511 3541 sentence
522 3493 551 3554 οι
563 3494 603 3540 the
614 3493 716 3554 chapter,
728 3505 756 3540 or
767 3495 807 3542 the
814 3498 882 3560 price
892 3493 922 3542 of
935 3509 1042 3556 eornm

100 3565 163 3621 here,
175 3561 240 3610 and
234 3577 260 3608 ιιι
270 3576 285 3608 ι
296 3569 406 3608 sentence
419 3559 504 3608 below.
