2232 3862
425 225 550 288 Lmen
564 225 594 286 Ἰ.
958 231 993 290 41

71 387 189 463 pendet
197 385 215 454 ¹,
242 399 276 444 at
297 387 403 465 cupido
422 385 566 457 bonorum,
590 399 622 445 'et
643 388 688 445 oni
708 387 851 464 Tarquinii
871 397 995 447 materna

71 467 150 523 artior
162 467 251 543 patria
261 481 351 525 essm.
393 467 513 525 Sublatis
530 468 623 542 itaque
642 469 724 524 rebus
740 467 921 543 commigrant
935 469 993 528 Ro·

67 565 129 604 uan-
160 547 586 605 Addaniouiumiortaventum
596 559 664 604 erat.
705 546 748 602 Ibi
762 548 796 614 ei,
809 559 940 622 carpento
950 569 993 606 se·

65 625 121 682 denti
129 645 191 682 sora
205 645 309 693 uxore,
317 625 418 701 aquiia,
429 627 568 702 suspensis
577 626 696 684 demnsa
706 626 803 683 leniter
814 627 873 694 aiis,
886 627 991 703 piieun'r

64 705 145 760 adar:
163 723 309 781 superque
330 719 490 781 carpentum
508 721 574 762 enm
595 721 696 781 magno
717 705 843 780 clangore
865 706 991 775 roiitaus,

64 803 135 839 nnus
144 783 163 851 ²,
177 785 258 842 vetus
276 785 433 842 ministerio
446 785 577 842 divinitas
590 786 682 852 missa,
703 785 786 860 ospiti
797 787 862 860 apte
875 787 991 862 reponit.

64 861 114 917 inde
132 864 259 920 mbiimis
283 863 363 921 abiit.
408 863 560 940 Anoapisse
579 865 608 921 id
630 864 777 940 augurium
799 863 871 920 laeta
891 865 992 922 dieitur

65 940 182 1016 inquii,
203 943 309 1018 perita,
333 957 366 1000 nt
386 943 467 1018 uulgo
487 943 607 1010 Emnsoi,
630 943 789 1000 oosiestiom
803 943 991 1018 prodigiorum

64 1020 147 1076 oder.
186 1021 337 1080 ‘aneisa
355 1035 387 1080 et
407 1023 462 1080 aita
481 1021 598 1098 sperare’
619 1021 765 1098 complexa
786 1023 883 1090 mmai,
902 1022 992 1097 jobet.

64 1104 69 1129 ¹
80 1098 135 1154 Erro
148 1100 253 1169 aiitem,
269 1103 306 1159 ed
317 1103 431 1177 regiona
444 1102 522 1170 sosii,
530 1113 560 1158 et
569 1100 630 1178 ejas
639 1101 696 1158 Dei
709 1101 846 1168 nunciam,
855 1103 962 1159 venisse
970 1101 992 1156 ³.

65 1178 145 1236 ‘Cirta
155 1198 301 1238 sommum
317 1183 427 1238 eulmen
441 1179 559 1238 hominis
572 1179 725 1257 auspicium
736 1180 842 1237 iecisse.
871 1179 992 1237 Larisae

65 1254 181 1315 ‘homno
197 1261 412 1338 superpositum
426 1259 616 1336 eapitidaeus,
637 1271 669 1317 ut
683 1259 813 1316 divinitus
826 1258 916 1318 eidem
931 1259 993 1316 red-

64 1335 155 1393 ‘dont'
196 1338 264 1396 Has
283 1359 350 1416 spos
369 1339 603 1414 cogitationesque
616 1356 710 1397 seeum
725 1349 874 1416 portantes,
895 1341 990 1396 urbam

66 1413 154 1487 ingressi
163 1431 238 1486 aaut,
254 1419 452 1494 domiciiioque
460 1419 497 1475 ibi
506 1431 671 1495 comparato,
683 1418 717 1474 L.
727 1417 906 1494 Tarquinium
918 1418 991 1476 Prin

65 1511 110 1548 run
121 1495 230 1555 edidere
244 1512 349 1555 nomeu
361 1497 382 1554 ⁴.
426 1499 559 1556 Romanis
571 1498 750 1573 conspicuum
761 1513 824 1554 euru
835 1498 940 1554 novitas
951 1498 991 1553 di-

67 1571 350 1648 timorefaciebant:
371 1589 399 1634 et
412 1577 471 1654 ipsa
483 1578 620 1634 somonam
635 1578 753 1652 benigno
760 1576 890 1650 alloquio,
904 1577 991 1634 comit

66 1663 107 1707 tate
116 1652 257 1724 invitandi,
270 1657 472 1732 beneficiisque,
483 1675 553 1731 quos
561 1669 677 1734 potarat,
687 1657 740 1712 sibi
754 1655 932 1725 consiliando,
942 1656 991 1712 a‘d·

65 1726 167 1800 juvabam
187 1735 283 1793 dorreo
295 1736 324 1791 in
338 1736 438 1811 regiam
448 1737 558 1810 quoquo
568 1737 603 1793 de
616 1755 649 1792 eo
662 1737 735 1792 fama
747 1735 852 1810 perlata
863 1745 922 1801 est;
941 1750 991 1790 no·

68 1809 184 1886 ritumque
198 1834 263 1871 eam
278 1814 363 1880 brevi,
373 1815 445 1891 apud
459 1831 550 1890 regom
562 1815 708 1872 liberaiiter
721 1815 872 1890 dextrequa
886 1814 990 1872 obsum
1047 1831 1049 1838 ·

68 1885 190 1962 tooffioia,
211 1895 241 1951 in
261 1893 399 1952 familiaris
419 1894 554 1952 amicitiae
573 1895 725 1952 adduxerat
739 1891 811 1968 jura,
832 1905 864 1950 ut
875 1892 992 1969 publicis

69 1967 146 2036 ptdter
158 1991 190 2029 ao
202 1975 319 2049 privatis
333 1973 454 2030 consiliis
474 1973 538 2030 belii
558 1975 688 2048 domique
708 1974 869 2029 interesset:
890 1985 927 2038 et,
942 1991 991 2046 per

69 2047 138 2136 omitia
148 2067 282 2132 expeptas
291 2051 312 2121 ⁵,
322 2054 467 2128 postremo
479 2052 646 2110 tutoretiasn
658 2052 749 2108 liberis
759 2052 831 2126 regis
842 2061 990 2107 testamen-

69 2129 286 2189 prostitueretur.

97 2202 205 2267 XXXV.
227 2211 368 2286 Regnavit
389 2211 486 2268 Ancus
503 2225 589 2266 annos
609 2220 727 2285 quatuor·
752 2207 906 2284 attigisti,
931 2207 989 2265 cui·

70 2280 118 2339 libet
139 2293 310 2364 superiorum
337 2307 432 2366 regum
455 2290 518 2346 beili
538 2290 668 2365 pacisque
686 2301 714 2345 et
734 2288 837 2348 artibus
858 2299 886 2344 et
904 2288 990 2364 gioria

71 2378 112 2432 ptr·
139 2365 200 2426 dam
214 2367 265 2426 filii
279 2387 365 2445 prope
373 2370 504 2446 puberem
514 2381 632 2426 aetatem
642 2379 728 2426 erant.
745 2389 748 2400 ·
769 2367 813 2426 Eo
822 2369 909 2442 magis
921 2368 989 2425 Tar-

71 2443 158 2511 quitius
170 2448 281 2516 instare,
291 2463 324 2506 ut
334 2449 417 2523 qutm
430 2449 549 2524 pmmdm
564 2448 676 2506 comitis
685 2449 742 2524 regi
753 2447 871 2506 creando
884 2447 990 2505 fierent.

72 2519 157 2581 Quibus
176 2529 296 2596 indictis,
315 2531 367 2584 sub
387 2541 496 2604 tempus
513 2544 614 2604 pueros
627 2539 756 2585 venatum
770 2526 914 2602 abiegavit.
948 2527 990 2584 lo

72 2615 111 2670 qtu
125 2604 223 2678 primos
243 2621 272 2665 et
292 2611 394 2684 petisse
413 2607 557 2664 ambitiose
577 2627 701 2682 rognum,
725 2619 755 2664 et
774 2607 924 2663 orationem
949 2606 991 2662 di·

72 2677 126 2735 titur
139 2682 264 2744 habuisse
290 2687 326 2743 od
350 2687 534 2743 conciliandos
554 2686 642 2762 piebis
662 2686 768 2743 animoa
791 2685 989 2762 compositam:

74 2757 176 2831 ‘Quum
196 2785 226 2822 se
246 2783 301 2822 non
322 2782 379 2822 rem
401 2785 499 2822 novam
520 2777 633 2842 peteret
657 2765 759 2841 quippe
779 2765 827 2839 qui
853 2783 908 2821 uon
935 2766 991 2841 pri·

73 2839 146 2909 'mus
170 2847 245 2922 quod
272 2847 415 2922 quisquam
437 2845 572 2920 indignari
592 2845 717 2902 mirarive
737 2857 839 2920 posset,
860 2845 909 2901 sed
935 2857 989 2902 ter·

97 2949 103 2976 ¹
117 2955 188 3008 Facile
201 2963 327 3021 persuadet
339 2958 397 3005 viro.
441 2961 479 3012 Ut.
492 2973 518 3004 aa
528 2958 609 3021 being;
652 2953 662 2982 ⁸
676 2962 768 3006 Rursus
779 2959 877 3019 reponit.
897 2959 991 3010 Rursus

71 3023 259 3089 irritament-
298 3028 342 3074 See
353 3041 377 3086 p.
390 3025 430 3081 89,
443 3035 500 3074 nota
517 3026 537 3072 Ι.
579 3026 763 3080 'donaolim
776 3027 818 3086 ᾀσ.
857 3024 990 3073 Thatsuch

73 3096 109 3132 Μ
119 3089 152 3138 the
162 3094 227 3157 royal
239 3093 299 3140 rarii
309 3094 338 3141 of
352 3095 392 3141 the
402 3093 464 3150 bird,
483 3095 541 3142 such
558 3095 600 3140 the
615 3103 712 3156 quartat
726 3091 756 3138 os
768 3093 809 3138 the
827 3091 925 3150 heaven,
943 3093 992 3141 and

76 3155 118 3200 suci
127 3159 161 3207 tire
175 3161 224 3224 god
235 3163 315 3209 whose
330 3175 439 3224 messogo
455 3161 474 3209 it
485 3161 531 3208 irad
543 3163 625 3209 borna.
661 3161 712 3208 The
723 3157 785 3215 bird,
797 3159 837 3205 the
848 3159 933 3221 eagie;
951 3163 991 3208 the

75 3231 181 3292 {tumeres
189 3231 228 3276 tire
237 3231 335 3289 heaven,
347 3231 388 3277 the
396 3239 509 3276 entrance
516 3239 541 3276 to
554 3231 646 3287 Rome3
664 3229 704 3274 the
713 3227 770 3289 god,
779 3225 884 3287 Jupiter.
939 3229 948 3257 ⁴
967 3229 991 3275 lt

74 3299 89 3331 n
97 3289 169 3344 almost
179 3313 337 3360 unnecessary
349 3308 374 3345 to
383 3299 489 3353 absarus,
501 3299 551 3343 that
565 3297 625 3358 Livy
638 3296 776 3355 anticipatos
787 3295 813 3342 in
824 3293 871 3340 this
883 3307 988 3356 passage.

80 3353 116 3403 Tit
124 3375 186 3412 name
198 3365 344 3428 Tarquinius
355 3369 458 3416 Poscor.
473 3363 579 3426 Torqoin
589 3366 630 3410 the
639 3367 749 3412 Ancient.
758 3361 830 3410 could
840 3361 923 3420 hardly
932 3363 992 3406 hore

77 3421 120 3472 Μ
130 3431 194 3492 giren
206 3432 245 3479 tili
258 3449 272 3479 a
283 3448 393 3496 younger
405 3431 513 3494 Tarquin
525 3431 639 3477 rendered
652 3431 692 3477 rire
703 3430 794 3488 epithet
810 3441 942 3485 necessary,
954 3426 992 3471 for

76 3490 199 3548 morsos
213 3500 358 3548 distinction.
428 3496 789 3559 ‘Erpertor,usodpassively.
828 3495 859 3539 8⁰
873 3491 932 3550 Osp-
949 3491 980 3540 l?

77 3559 181 3617 ldiertotir
191 3571 313 3618 dulcedine
324 3571 429 3618 nondum
440 3574 542 3629 experto.
969 3581 972 3589 Δ
