2230 3846
443 201 566 262 crona
586 202 624 261 11.
921 167 937 222 l
953 183 1023 256 rar*

66 355 234 414 ‘concilium
254 357 438 416 demitterent.
477 359 601 418 Darent¹
621 359 677 417 irae
697 358 823 435 spatium.
864 354 929 414 Non
942 357 997 414 rim

67 443 162 492 ‘suam
176 436 230 492 illis
242 448 351 514 tempus
364 438 571 514 adempturum:
588 440 636 497 sed
650 439 794 496 concilium
804 436 906 495 viribus
920 435 997 494 addi·

64 522 185 571 ‘turum.
228 515 267 574 Et
282 517 376 591 Patres
392 518 420 574 iu
439 519 542 594 populi,
562 530 591 575 et
610 518 748 576 consulem
768 517 796 572 in
811 517 924 574 Patrum
937 516 995 572 iore

65 600 74 626 ⁴
105 594 242 652 cresone?

86 613 193 729 pLVII.
219 674 313 749 Aegre
336 675 429 732 sedata
451 674 486 732 ab
510 675 643 738 Quinctio
665 675 752 750 plebs,
776 674 864 732 multo
886 672 993 750 aegrine

64 752 154 807 consul
167 753 238 809 alter
251 772 268 810 a
282 753 416 811 Patribus.
456 753 579 811 Dimisso
592 754 701 812 tandem
712 753 827 810 concilio
841 753 936 829 plebis,
950 772 993 809 se·

8 875 9 892 2
64 843 154 885 natum
169 831 296 888 consules
309 831 418 890 habent.
458 832 513 891 Ubi
526 853 610 908 quum
624 833 706 889 timor
719 843 801 906 atque
814 832 854 889 ira
866 833 894 888 in
904 833 992 890 elcem

64 909 209 966 sententias
224 911 389 978 vantsumu
408 931 463 986 qno
485 913 579 986 magis,
599 911 688 988 spatio
707 910 876 987 interposito,
893 910 928 968 ab
941 911 992 966 im-

8 1051 9 1060 *
64 999 125 1061 petu
145 989 181 1045 ad
201 989 411 1047 consultandum
431 990 642 1062 advocabantur,
663 1009 697 1046 eo
710 990 771 1066 plns
784 988 994 1047 abhorrebauta
1033 995 1039 1014 ¹

64 1066 212 1124 certatione
225 1068 319 1125 animi.
360 1065 442 1126 Auen
455 1081 487 1126 ut
500 1069 631 1132 Quinctio
645 1069 745 1143 gratias
756 1080 877 1144 agerent,
897 1075 904 1102 ‘
918 1067 992 1142 qubd

65 1145 141 1220 ‘ejus
162 1148 248 1222 operia
267 1147 391 1222 mitigata
411 1148 546 1206 discordia
569 1147 658 1206 esset!
697 1148 745 1204 Ab
762 1147 858 1224 Appio
880 1148 992 1223 petitur,

65 1229 73 1255 ‘
87 1223 124 1281 Ut
136 1235 243 1281 tautam
258 1227 427 1284 consularem
441 1227 610 1304 majestatem
625 1245 684 1284 esse
697 1226 789 1292 vellet,
799 1226 919 1302 quontn²
933 1243 993 1282 esse

64 1302 110 1358 ‘iu
130 1304 263 1360 concordi
283 1305 393 1362 civitate
412 1317 512 1382 posset.
554 1305 629 1362 Dum
646 1305 750 1363 tribuni
762 1305 942 1380 consulesque
955 1303 992 1362 ad

65 1387 111 1437 ‘se
125 1383 243 1456 quisque
257 1384 349 1441 omnia
361 1383 480 1452 trahunt,
494 1383 561 1440 nibil
575 1384 700 1442 relictum
713 1403 773 1442 esse
784 1384 881 1441 virium
894 1384 922 1440 io
934 1402 991 1440 me·

65 1460 147 1526 ‘dio;
167 1461 327 1518 distractam
347 1463 547 1538 laceratamque
563 1461 796 1539 rempublicam³3
814 1463 909 1540 magis,
923 1481 991 1538 qno·

65 1545 142 1594 ‘rum
156 1540 185 1595 in
200 1559 284 1596 manu
304 1541 347 1607 ait,
369 1541 449 1616 qulam
463 1554 495 1599 nt
508 1543 651 1599 incolumis
668 1541 712 1610 sit,
733 1541 843 1617 quaeri.'
884 1541 993 1618 Appius

63 1618 161 1684 contri,
191 1620 314 1676 ‘testari
335 1619 413 1677 Deos
435 1633 518 1695 atque
538 1620 670 1690 homines,
694 1621 889 1697 rempublicam
913 1619 993 1697 prodi

32 1755 39 1768 ,
65 1702 131 1770 ‘per
143 1707 251 1754 metum
265 1717 297 1756 ac
310 1699 406 1756 deseri.
447 1699 512 1756 Nou
525 1700 664 1757 consulem
677 1700 792 1765 senatui,
803 1701 852 1757 sed
866 1711 992 1756 senatum

65 1777 186 1832 ‘consuli
200 1777 306 1834 deesse.
333 1778 479 1836 Graviores
493 1779 578 1855 accipi
593 1779 674 1854 leges,
689 1777 771 1853 quiem
781 1777 809 1835 in
820 1778 903 1836 Sacro
914 1797 992 1835 mou·

65 1860 109 1909 ‘te
119 1853 132 1884 ⁴
144 1867 277 1931 acceptae
284 1855 356 1912 sint!
396 1857 494 1915 Victus
507 1870 599 1915 tamen
610 1857 723 1916 Petrum
736 1875 870 1916 consensu
881 1857 993 1932 quierit.

66 1930 121 1989 Lex
134 1934 247 1990 silentio
260 1936 402 2011 perfertur.

95 2010 207 2068 LVIII.
229 2013 303 2070 Tum
317 2015 433 2090 primirm
448 2015 555 2072 tributis
569 2014 686 2072 comitiis
700 2015 783 2072 creati
794 2013 896 2072 tribuni
910 2026 991 2071 sunt:

63 2109 172 2148 numero
187 2092 272 2148 etiam
286 2093 393 2150 additos
406 2106 469 2161 tres,
484 2095 596 2169 perinde
606 2113 639 2151 ac
653 2094 708 2150 duo
718 2106 798 2151 antea
807 2093 917 2161 ineunt,
928 2093 992 2150 Piso

62 2181 151 2226 auctor
171 2183 216 2227 est
225 2169 247 2226 ⁵.
289 2171 421 2230 Nominat
440 2169 549 2247 qudque
576 2172 707 2242 tribunos,
735 2173 768 2230 C.
792 2171 933 2239 Sicinium,
957 2169 993 2228 L.

64 2247 259 2315 Numitorium,
274 2249 318 2306 M.
332 2250 468 2319 Duilium,
485 2252 532 2327 Sp.
543 2251 660 2319 Icilium,
669 2251 704 2308 L.
714 2250 884 2309 Maecilium.
925 2251 992 2308 Vol·

63 2345 135 2384 tcnm
153 2328 370 2404 Aequicumque
387 2331 457 2388 inter
476 2331 637 2388 seditionem
654 2331 806 2388 Romanam
827 2343 869 2389 est
889 2331 990 2388 bellum

63 2411 195 2463 codrtum.
237 2407 417 2466 Vastarernnt
429 2429 517 2485 agros,
526 2423 566 2478 ut,
581 2409 604 2466 si
615 2429 668 2484 qua
678 2409 795 2468 secessio
804 2409 891 2486 plebis
904 2409 991 2477 fieret,

63 2485 94 2540 ad
111 2505 141 2543 se
162 2499 307 2561 receptum
327 2486 447 2545 baberet.
489 2489 656 2565 Compositis
676 2489 774 2546 deiude
792 2491 882 2555 rebus,
903 2501 991 2546 castra

62 2574 130 2620 retro
143 2584 267 2621 morere.
307 2567 365 2642 Ap.
381 2567 512 2626 Claudius
532 2567 560 2624 in
578 2568 692 2626 Volscos
712 2569 819 2625 missus.
859 2567 990 2632 Quinctio

63 2643 152 2717 Aequi
173 2643 314 2719 provincie
330 2646 450 2704 evenitt
491 2646 597 2704 Eadem
617 2647 644 2704 in
659 2647 755 2704 militiit
768 2645 880 2704 saevitia
894 2646 990 2723 Appii,

63 2739 127 2794 quae
148 2723 236 2789 domi,
259 2743 336 2790 essc;
357 2745 391 2781 eo
412 2725 529 2792 liberior,
544 2722 618 2800 quod
639 2727 697 2783 sine
710 2725 862 2783 tribuniciis
875 2725 991 2783 vinculis

63 2812 123 2857 erat.
167 2801 270 2858 Odisse
289 2803 397 2878 plebem
415 2805 476 2880 plus
496 2803 577 2880 quiam
592 2817 706 2880 paterno
720 2803 801 2860 odio:
823 2805 992 2862 ‘strictum

64 2884 71 2910 ‘
82 2881 116 2936 ab
128 2881 181 2937 eie:
203 2900 234 2937 se
248 2881 350 2938 unicol
365 2884 477 2940 consule
490 2882 599 2960 objecto
612 2885 742 2942 adversus
755 2883 928 2941 tribuniciam
941 2903 992 2960 po·

92 2987 99 3017 ¹
117 2991 163 3038 See
180 3006 205 3050 p.
225 2989 278 3046 119,
289 3000 345 3040 note
357 2993 380 3042 3.
516 2993 526 3021 ²
546 2998 758 3058 firmameento,
776 3009 802 3040 as
812 3001 879 3057 great
890 3009 923 3051 as,
941 2993 957 3040 i.
968 3010 988 3042 e.

61 3071 90 3102 no
100 3067 195 3120 greater
206 3059 274 3104 than.
428 3060 438 3088 ⁸
456 3061 526 3110 Some
537 3060 604 3123 place
615 3077 630 3108 a
640 3077 734 3110 comma
744 3063 806 3110 atter
815 3065 992 3125 rempublicam,

60 3123 104 3170 eud
114 3125 186 3172 make
198 3125 218 3172 it
229 3127 269 3174 the
280 3127 412 3175 accusative
423 3137 448 3176 to
459 3131 549 3192 quaed·
632 3129 642 3157 ⁴
658 3130 702 3178 See
716 3129 790 3191 Chap.
801 3129 842 3178 33.
921 3131 931 3160 ⁸
950 3131 993 3180 See

62 3191 132 3254 Chap.
148 3193 189 3241 33.
238 3193 301 3256 LIvy
317 3195 415 3244 hituself
425 3195 525 3247 inclines
539 3205 564 3244 to
580 3197 620 3244 the
636 3195 741 3258 opinion,
758 3199 808 3246 that
824 3197 870 3246 five
886 3195 993 3246 tribunes

62 3273 117 3306 cere
128 3259 226 3308 created
237 3273 262 3308 at
273 3261 332 3310 first.
449 3263 459 3291 ⁰
476 3265 554 3324 Scep.
572 3263 625 3321 115,
639 3272 695 3312 note
706 3263 730 3314 3.
851 3265 860 3292 ⁷
877 3271 885 3296 ‘
901 3269 994 3316 Unicus

62 3329 211 3388 ‘represents
228 3329 268 3376 the
283 3329 416 3377 individual
431 3339 456 3378 to
467 3332 545 3380 whom
557 3331 576 3378 it
592 3331 690 3394 applies,
707 3347 733 3378 as
749 3333 789 3380 the
805 3331 863 3392 only
873 3332 951 3392 object
968 3332 998 3378 of

62 3395 68 3420 ‘
79 3396 117 3441 the
129 3395 191 3440 kind
204 3397 255 3442 that
266 3397 347 3454 existe,
358 3408 401 3444 not
412 3413 437 3446 as
448 3413 494 3444 oue
505 3399 535 3444 of
542 3414 556 3445 a
567 3399 663 3458 species,
675 3399 736 3444 from
748 3399 788 3446 the
799 3399 866 3444 other
876 3398 994 3442 members

64 3461 108 3507 ‘ol
121 3462 200 3508 which
212 3461 232 3509 it
243 3463 263 3510 is
274 3462 449 3527 distinguished
465 3467 496 3526 by
508 3480 573 3515 some
589 3463 694 3527 peculiar
705 3463 795 3529 quality
808 3461 884 3508 thch
894 3462 950 3522 they
961 3461 994 3524 do

65 3533 124 3576 ‘not
140 3544 242 3590 possess.
280 3533 356 3592 Tuus,
373 3535 459 3582 unicus
465 3535 535 3598 filins
551 3547 634 3580 means
643 3535 743 3594 uuordo
755 3528 803 3587 son,
817 3529 877 3584 who,
895 3526 919 3572 ln
932 3527 993 3576 refe·

1005 3768 1020 3808 A
