2230 3846
116 197 170 254 144
500 195 534 252 T.
554 195 653 254 LIVII

112 371 213 431 pavore
227 351 475 427 castrecapiuutur.
515 351 572 416 Qui
582 353 744 411 Volscorum
754 355 874 430 effugere
883 369 1050 432 potuerunt,

114 431 230 488 Antium
254 443 360 506 petunt.
401 431 517 488 Antium
545 445 573 489 ct
600 433 741 490 Romanus
762 435 900 491 exercitus
924 437 1048 494 ductus:

112 527 214 584 paucos
223 509 432 566 circumsessum
441 509 500 566 dics
510 511 628 578 deditur,
639 511 712 580 nullis
722 515 941 588 oppugnantiam
951 517 1026 571 novi
1039 515 1050 546 ¹

111 589 157 642 vi:
179 588 228 644 sed
241 588 314 662 quod
328 586 386 662 jam
406 587 470 646 iude
488 590 522 645 ab
539 590 639 647 infelici
656 591 748 666 pugnis
765 591 916 667 castrisque
935 594 1049 650 amissis

112 666 266 723 ceciderant
280 665 372 722 animi.

144 812 151 840 ¹
171 810 247 867 Nouoi,
264 813 365 874 because
375 813 415 858 the
426 812 511 859 consul
523 814 651 862 Numicius
662 813 709 861 hed
721 822 763 861 not
774 813 846 862 dured
858 823 883 862 to
895 817 977 866 attcck
988 817 1008 865 it
1020 817 1048 864 iu

110 880 150 926 the
160 879 289 941 preceding
298 893 362 940 year.
400 879 444 927 See
457 880 530 941 Chen.
546 881 586 930 63.

460 1186 683 1202 ψ

461 1211 683 1222 -ι--ι--ι

414 1418 536 1476 LIBER
557 1419 741 1482 TERTIUS.

485 1592 661 1642 unisonus.

149 1747 173 1814 1,
187 1748 238 1804 &c
252 1743 331 1801 XIX.
373 1743 479 1801 SEDI
482 1742 528 1800 TI
529 1745 640 1803 ONES
649 1747 684 1804 de
692 1749 813 1826 agrariis
821 1750 927 1830 iegibus
927 1758 1043 1833 factm.

112 1825 222 1884 XVIII.
246 1820 421 1899 Capitolium,
436 1821 470 1880 ud
484 1822 620 1880 casulibus
633 1834 659 1882 et
671 1825 757 1884 seruis
770 1841 939 1908 occupatam,
954 1839 1043 1894 eaesis

111 1905 147 1962 iis
166 1908 301 1979 receptum
321 1908 368 1958 est.
407 1900 461 1958 ΙΙΙ.
480 1900 583 1958 Census
603 1901 643 1960 bis
656 1915 733 1961 octus
746 1915 794 1964 est.
834 1909 939 1969 Priore
951 1911 1043 1972 lustro

112 2001 193 2040 censu
205 1986 268 2037 sunt
281 1977 380 2035 ciuium
394 1978 484 2057 capita
498 1987 603 2036 centum
617 1991 736 2058 quotuor
745 1983 832 2042 mittio
843 1986 958 2046 ducenta
970 2012 1042 2070 quo·

112 2057 270 2124 tuordecim,
290 2065 401 2134 praeter
420 2055 498 2114 orbos
512 2055 652 2134 orbusque.
692 2060 800 2120 XXIV.
824 2065 962 2142 Sequenti,
978 2090 1041 2128 een-

50 2177 52 2180 ·
112 2147 168 2194 tum
181 2133 366 2213 septemdecim
374 2133 584 2192 miiiiaduceuta
593 2137 781 2196 novemdecim.
821 2141 929 2201 XXVI.
947 2147 1041 2214 Quam

112 2215 245 2274 adversus
260 2211 369 2288 Aequos
389 2232 432 2270 res
445 2210 516 2268 male
525 2219 603 2289 gesta
616 2223 691 2283 esset,
706 2219 743 2275 L.
760 2219 906 2286 Quinctius
923 2224 1041 2283 Cincin-

112 2301 193 2348 natus
206 2290 324 2346 dictator
324 2290 435 2365 faetus,
449 2309 530 2366 quum
545 2309 610 2348 rure
623 2291 744 2352 intentus
756 2297 858 2354 rustico
872 2301 949 2378 operi
962 2315 1040 2374 esset,

113 2369 152 2425 ad
167 2368 198 2424 id
216 2365 314 2425 bellum
330 2367 481 2443 gerendum
494 2367 638 2427 arcessitus
658 2381 705 2429 est.
746 2375 885 2434 XXVIII.
905 2380 938 2436 Is
954 2381 1042 2441 uictos

111 2446 200 2504 hostes
213 2441 370 2521 subjugum
383 2444 464 2502 misit.
504 2445 597 2504 XXX.
616 2447 802 2508 Tribunatum
809 2451 898 2531 plebis
907 2478 1040 2518 numerus

112 2522 260 2600 ampliatus
274 2530 321 2589 est,
336 2529 366 2578 ut
379 2531 466 2578 essent
475 2521 574 2590 decen
585 2526 724 2604 trigesimo
737 2540 811 2587 sesto
821 2551 895 2591 anno
909 2536 1041 2614 oprimis

110 2599 229 2658 tribunis
237 2597 333 2677 piebis.
373 2600 481 2658 XXXI.
499 2601 601 2659 Petitis
608 2625 662 2682 per
674 2603 787 2684 legatos,¹
799 2617 825 2665 et
834 2610 927 2670 allatis
937 2615 1040 2673 Atticis
1104 2605 1105 2676 f

109 2677 222 2756 legibus,
243 2677 281 2734 ud
298 2677 499 2735 constituendas
518 2697 564 2736 eas
573 2685 974 2762 proponendasquedecemuiri
983 2714 1039 2770 pro
1104 2693 1105 2728 ἶ

111 2755 265 2814 consulibus
284 2755 343 2812 siue
363 2754 426 2812 attis
445 2754 509 2813 aliis
521 2757 726 2834 magistratibus
739 2763 832 2832 creati,
846 2767 933 2826 attero
944 2779 970 2826 et
984 2780 1038 2828 tre·
1104 2783 1105 2832 t

111 2833 253 2892 centesimo
272 2853 355 2901 anno,
375 2835 458 2912 quim
471 2833 563 2891 Roma
576 2837 685 2894 condito
699 2849 781 2898 eret:
802 2851 837 2910 et,
852 2853 882 2902 ut
895 2865 913 2902 a
927 2850 1039 2927 regibus
1104 2841 1105 2912 ἶ

111 2911 150 2968 ad
168 2909 297 2978 eonsules,
315 2910 355 2968 ita
375 2931 394 2968 a
412 2910 567 2970 consulibus
580 2915 619 2972 ad
630 2915 793 2979 decemuiros
806 2922 974 2982 translatum
988 2927 1038 2984 im·
1104 2917 1105 2980 I

108 2989 225 3066 perium.
274 2989 411 3057 XXXIV,
438 2992 489 3048 &c
510 2990 563 3060 Hi,
579 2993 668 3052 decem
694 2995 795 3056 tabulis
816 2997 906 3078 legum
930 3006 1037 3080 positis,
1104 2999 1105 3070 I

111 3087 194 3144 quum
208 3065 325 3125 modeste
337 3087 365 3124 se
379 3067 407 3124 in
422 3087 453 3124 eo
466 3067 570 3127 honore
578 3071 732 3146 gessissent,
746 3083 772 3131 et
786 3075 818 3134 ob
831 3077 863 3134 id
874 3079 904 3136 in
918 3079 1036 3140 alterum
1104 3089 1105 3152 I

109 3141 218 3224 quoque
234 3163 336 3202 atinum
356 3144 470 3202 euotdem
489 3165 545 3203 esse
557 3149 747 3226 magistratum
756 3153 915 3232 placuisset,
929 3159 1037 3218 daubus
1104 3155 1105 3188 ¹

109 3221 210 3281 tabulis
232 3223 270 3278 ad
288 3222 375 3279 decem
395 3222 515 3299 affectis,
530 3244 612 3302 quum
630 3227 769 3303 complura
782 3235 945 3311 impotenter
945 3239 1035 3314 ficis.

110 3308 177 3369 sent,
198 3299 388 3378 magistratum
408 3298 556 3360 noluerunt
568 3304 710 3382 deponere,
724 3316 750 3364 et
763 3309 792 3366 in
806 3312 917 3369 tertium
932 3335 1035 3372 annum

110 3377 304 3434 retinuerunt:
326 3376 433 3444 XLIV,
447 3379 496 3436 &c
516 3379 615 3440 Donec
625 3381 713 3440 inciso
723 3403 816 3444 eorum
825 3387 1034 3469 itnperiofinem

109 3453 202 3514 attulit
220 3453 306 3514 libido
320 3453 374 3532 Ap.
391 3453 511 3514 Claudii.
554 3456 619 3530 Qui,
634 3480 717 3538 quum
736 3463 899 3526 inuenerem
915 3470 1034 3549 uirginis
