2230 3846
121 215 178 273 roo
274 301 276 304 Ι
511 211 544 269 r.
565 210 692 288 crvn¹

119 372 251 432 niciosius
265 384 331 439 erat,
345 370 499 429 secessione
510 371 680 446 occultisque
689 372 839 448 colloquiis.
880 373 1037 434 Tandem
1026 395 1077 432 nr·

120 453 172 509 visi
193 453 266 528 plebi
280 452 406 509 consules
424 450 584 523 magistratu
597 453 707 518 ebeuut,
724 453 855 510 Servilius
868 455 986 522 neonis,
1004 457 1078 530 Ap·

119 533 184 612 pIus
199 532 326 590 Patribus
340 532 409 586 rnire
422 541 524 603 gratus.

262 609 402 668 XXVIII.
420 609 458 664 A.
474 607 775 682 VirginiusindeetT.
788 609 921 666 Vetusius
931 563 1074 669 cousule-

121 693 182 728 Μ
222 702 281 746 tum
295 690 400 746 irreum.
441 687 514 743 Tum
529 685 594 744 verb
603 688 723 763 plebes
716 701 820 746 incerte
830 691 925 763 quales
932 689 1076 748 hebetum

121 748 178 796 26⁰·
220 769 345 826 consules
365 777 447 833 esset,
468 780 564 824 coetus
584 779 741 833 nocturum,
762 787 824 842 pars
839 767 982 844 Esquiliis,
997 789 1073 845 pers

119 851 147 904 in
164 849 312 914 Aventino,
327 849 435 911 lecere;
453 864 487 901 ne
501 846 529 902 in
537 847 602 904 ¹loro
615 845 714 902 subitis
727 846 876 921 trepidaret
888 849 1028 914 consiliis,
1038 861 1073 906 et

121 927 213 984 omnia
226 941 330 984 temere
343 945 375 983 ac
388 925 502 982 fortuito
515 939 616 1000 egeret.
657 925 730 982 Eum
740 945 798 982 rent
812 927 937 983 cumules
951 928 1019 993 reti,
1036 941 1072 984 ut

120 1021 185 1072 erut,
195 1007 384 1083 perniciosum,
393 1006 428 1062 ed
440 1005 536 1061 Patres
546 1006 690 1062 deferunt:
710 1004 887 1061 seddelatsm
897 1007 1050 1063 consulere
1061 1007 1070 1040 ¹

118 1086 216 1143 ordine
236 1105 290 1142 non
310 1085 396 1141 licuit.
445 1083 528 1140 Adeo
544 1084 713 1140 tumultuose
734 1096 851 1158 exceptu
867 1097 910 1140 est
931 1085 1069 1142 clamori-

122 1167 173 1222 bus
186 1165 309 1239 undique
323 1175 352 1219 et
365 1162 552 1237 indignatione
567 1163 691 1228 Petrum,
706 1171 713 1196 ‘
727 1162 759 1228 si,
774 1163 847 1236 qued
861 1162 980 1239 imperio
994 1184 1068 1222 con-

118 1254 128 1289 ι·
142 1244 224 1301 sulsri
230 1243 436 1317 exsequendum
448 1253 528 1307 esset,
539 1241 669 1299 iuvidiam
680 1242 739 1319 ejus
750 1241 920 1298 consulesed
930 1256 1067 1302 senatum

120 1321 293 1397 ‘rejicerent
342 1317 469 1377 Profecto
495 1320 519 1375 si
540 1335 631 1378 essent
651 1323 678 1378 in
705 1320 848 1396 republicis
873 1323 1066 1397 mtgistrutus,

120 1401 247 1457 ‘nullum
267 1402 391 1457 futurum
410 1399 495 1456 luisse
516 1399 632 1468 Rornae,
653 1401 705 1457 uisi
725 1401 875 1474 publicum,
898 1401 1065 1459 concilium.

120 1491 127 1516 ‘
145 1480 226 1536 Nunc
239 1480 267 1535 iu
282 1479 355 1536 mille
369 1479 459 1534 curies
471 1479 679 1556 concionesque,
695 1488 792 1552 (quum
806 1481 858 1537 aliu
871 1480 900 1536 in
914 1480 1063 1554 Esquiliis,

119 1559 194 1615 *alia
213 1559 241 1614 in
262 1557 404 1615 Aventino
423 1558 490 1614 fiant
510 1559 645 1629 conciliet)
668 1559 818 1633 dispersum
842 1572 871 1616 et
894 1560 1063 1636 dissipatum

119 1649 200 1696 ‘esse
220 1637 425 1714 rempublicam.
466 1637 572 1702 Unum,
586 1637 719 1703 Hercule,
734 1638 831 1704 virum,
847 1639 892 1714 (id
904 1640 980 1696 enim
993 1640 1062 1716 plus

118 1728 210 1786 ‘esso,
230 1717 313 1792 quam
327 1715 489 1785 consulem)
504 1717 592 1790 qualis
606 1718 662 1793 Ap.
678 1717 811 1776 Claudius
824 1718 915 1785 buerit,
930 1739 1059 1776 momen·

118 1807 126 1832 ‘
140 1811 170 1854 to
190 1798 321 1874 temporis
335 1796 508 1852 dicussurnm
522 1797 582 1851 illos
596 1811 692 1854 coetus
704 1795 806 1853 luisse!
847 1798 976 1873 Correpti
990 1817 1059 1854 cou-

117 1877 190 1935 sules
203 1895 298 1952 quum,
315 1883 323 1910 ⁸
338 1875 405 1950 qnid
419 1893 484 1948 ergo
497 1893 527 1930 se
540 1875 630 1933 lacere
644 1877 753 1943 vellent,
766 1874 849 1950 (nihil
860 1876 931 1932 enim
941 1877 1058 1952 segnius

116 1965 125 1994 ‘
138 1957 289 2022 molliusve,
303 1954 386 2030 quiam
409 1953 536 2010 Patribus
556 1954 670 2030 placeat.
684 1954 828 2028 acturos,’)
841 1969 1057 2030 percunctaren-

113 2051 168 2104 tur,
177 2037 337 2098 decernunt,
353 2042 360 2068 ⁸
374 2045 405 2090 ut
413 2033 550 2090 delectum
561 2033 644 2109 quern
653 2034 816 2091 acerrimum
824 2032 951 2090 babeant.
987 2035 1057 2092 Otio

116 2115 260 2173 ‘lascivire
279 2112 406 2190 plebem!
447 2112 571 2169 Dimisso
597 2125 704 2180 senatu,
732 2113 858 2170 consules
883 2113 912 2169 in
933 2114 1057 2170 tribunal

113 2193 274 2253 ascendunt.
314 2193 411 2250 Citunt
424 2191 585 2248 nominatim
594 2191 720 2266 juniores
730 2191 751 2248 ².
791 2193 884 2256 Quum
902 2193 1056 2250 adnomen

113 2293 195 2331 nemo
208 2272 395 2348 responderet,
410 2271 574 2328 circumfusa
587 2272 735 2328 multitudo
748 2271 776 2326 in
787 2271 926 2328 concionis
937 2273 1056 2328 modum

112 2371 220 2427 negare,
242 2349 346 2408 ‘Ultris
365 2350 458 2426 decipi
476 2350 583 2424 plebem
601 2369 691 2426 posse.
732 2349 882 2424 Nunquam
901 2370 989 2406 unum
1003 2352 1057 2406 mi-

113 2432 212 2488 ‘litem
227 2429 376 2496 babituros,
391 2429 419 2484 ni
434 2441 616 2503 praestaretur
634 2430 703 2486 fides
723 2430 841 2505 publica.
880 2428 1057 2486 Libertatem

114 2518 123 2546 ‘
136 2509 285 2584 unicuique
295 2508 546 2583 pribsreddendem'
560 2525 629 2576 esse,
644 2508 727 2584 quem
741 2529 816 2566 arma
829 2510 935 2566 danda:
957 2523 989 2566 ut
1003 2529 1056 2584 pro

113 2589 223 2666 ‘patrii
242 2588 410 2662 civibusque,
432 2605 487 2642 non
507 2605 558 2661 pro
577 2589 704 2653 dominis,
723 2587 863 2664 pugnent!
905 2587 1055 2654 Consules,

112 2669 179 2744 quid
199 2667 358 2724 mandatum
379 2679 451 2723 esset
470 2685 487 2722 u
506 2678 611 2732 senatu,
633 2667 781 2724 videbant:
808 2667 858 2723 sed
877 2687 987 2736 eornm,
1006 2669 1055 2742 qui

109 2749 182 2806 intra
200 2745 318 2824 parietes
335 2746 425 2803 curiae
439 2745 567 2802 ferociter
587 2745 773 2822 loquerentur,
793 2746 931 2803 neminem
945 2747 1052 2813 adesse,

112 2825 230 2896 Invidiae
244 2845 310 2882 suae
324 2824 503 2901 participem:
523 2837 552 2881 et
564 2825 714 2900 apparebat
726 2838 804 2881 atrox
818 2845 880 2882 cum
895 2825 977 2901 plebe
994 2845 1052 2883 cer·

111 2918 213 2964 tamen.
254 2905 333 2962 Priirs
353 2905 454 2978 itaque,
476 2903 558 2978 quiem
581 2905 679 2962 ultima
698 2905 895 2980 experirentur,
923 2917 1051 2962 senetunr

110 2987 210 3043 iterum
225 2984 366 3042 consulere
380 2983 491 3059 placuit.
532 2983 605 3040 Tum
621 2981 685 3041 verb
696 2986 731 3041 ad
741 2983 821 3040 sellas
832 2983 977 3040 consulum
989 3003 1051 3059 pro·

109 3083 175 3142 pere
196 3063 374 3122 convolavere
396 3061 524 3118 minimus
537 3062 654 3138 quisque
674 3077 741 3119 netu
757 3063 908 3128 Petrum,
923 3063 1050 3120 abdicare

110 3141 314 3202 ‘consulatum’
330 3141 499 3216 ᾗιιιιειιιιιι,6
521 3153 550 3198 et
571 3142 738 3218 deponere
731 3142 887 3217 imperium,
913 3142 951 3199 ad
975 3142 1050 3217 quod

110 3224 266 3281 ‘tuendum
280 3221 387 3278 animus
401 3218 526 3276 deesset.

139 3334 147 3362 ¹
166 3336 298 3388 enatuere,
316 3331 450 3393 governIng
461 3339 510 3378 two
524 3329 676 3387 accusatives,
688 3341 805 3389 senatum,
822 3329 870 3376 and
882 3347 941 3388 rem,
956 3329 1045 3378 under·

105 3403 181 3450 stood.
259 3395 269 3423 ¹
287 3401 324 3448 To
336 3401 377 3446 the
380 3400 491 3462 juniores
503 3413 550 3444 vves
561 3397 672 3461 assIgned
683 3399 723 3445 the
734 3398 794 3461 duty
806 3399 835 3446 ol
848 3397 944 3461 serving
958 3397 985 3444 in
997 3411 1043 3444 wer

105 3470 201 3528 abrosd,
216 3470 237 3520 I.
251 3467 293 3516 43.
