2224 3862
116 197 174 256 246
474 197 524 262 ft.
545 199 667 263 mvn·

116 368 222 416 metro:
242 379 294 419 nec
306 363 371 420 ante
383 361 411 419 in
420 379 532 440 campos
541 363 663 441 degressi
672 361 745 430 sont,
756 360 839 438 quim
847 362 971 439 legiones
978 367 1049 424 auxi-

114 438 156 495 lio
170 438 336 498 Faliscorum
351 456 485 500 venerunt
495 443 513 499 ¹.
554 444 628 500 Tum
642 443 755 500 demum
776 455 864 500 castra
878 443 1052 502 Etrusuomm

117 536 168 593 pro
181 519 326 578 moenibus
340 521 505 579 Fidenarum
518 524 616 600 posita.
657 522 696 580 Et
705 522 824 578 dictator
833 522 977 579 Romanus
985 522 1054 582 haud

117 598 213 672 procul
226 598 290 657 inde
304 601 339 661 ad
353 601 521 659 confluentes
540 603 666 660 consedit
683 602 712 658 in
724 601 868 677 utrinsque
881 602 949 678 ripis
962 604 1055 672 amuis,

117 678 173 750 qni
192 679 271 754 sequi
290 681 463 738 munimento
482 693 598 757 poterat,
619 683 690 740 vallo
709 681 902 758 interponito².
944 681 1053 741 Postero

116 755 162 814 die
176 757 204 813 in
218 759 304 816 aciem
319 761 424 818 eduxit.
1051 777 1054 788 ·

157 835 269 900 XVIII.
299 838 377 898 Inter
399 841 491 897 hostes
513 841 602 898 variae
625 842 702 898 fuere
723 839 884 905 sententiae.
929 839 1054 910 Faliscus,

115 917 260 991 proculab
274 919 357 976 domo
370 920 496 977 militiam
516 940 597 996 aegre
618 921 733 996 patiens,
754 919 874 996 satisque
890 920 980 978 fidens
996 921 1051 987 sibi,

114 1013 228 1070 poscere
242 1017 381 1074 pugnem:
402 998 512 1076 Vejenti
528 1000 708 1076 Fidenatique
727 1001 790 1076 plus
807 999 866 1075 spei
882 999 910 1055 in
925 999 1052 1057 trahendo

114 1075 188 1132 bello
200 1095 269 1134 esse.
310 1077 482 1146 Tolumnius,
504 1099 658 1154 quanquam
679 1099 793 1136 suorum
813 1078 899 1152 tnagis
913 1078 1051 1155 placebant

113 1156 235 1224 consilia,
249 1177 284 1216 ne
294 1159 469 1234 longinquam
480 1159 605 1216 militiam
614 1179 668 1216 non
677 1172 835 1235 paterentur
844 1157 953 1227 Falisci,
972 1165 1050 1234 ‘pos-

114 1245 174 1292 tero
188 1237 233 1294 die
247 1257 276 1295 se
287 1251 471 1314 pugnaturum
482 1239 575 1296 edicit.
615 1239 753 1296 Dictatori
762 1257 795 1296 ac
806 1237 951 1306 Romania,
962 1244 969 1271 ‘
982 1239 1048 1313 qnbd

116 1317 318 1375 ‘dedecuisset
337 1336 457 1394 pugnam
481 1316 584 1386 hostis,'
608 1318 693 1375 animi
713 1337 870 1376 accessere:
890 1319 1049 1392 pultemque

115 1395 169 1461 die,
183 1395 242 1471 jem
262 1397 395 1454 militibus
416 1404 424 1432 ‘
444 1409 533 1455 castra
552 1399 702 1472 urbemque
721 1417 750 1454 se
769 1395 983 1474 oppugnaturos'
1002 1398 1050 1454 lre·

114 1476 262 1544 mentibus,
288 1483 296 1512 ‘
315 1477 344 1533 ni
365 1476 445 1554 copia
463 1495 572 1553 pugnae
589 1476 654 1545 liat,'
673 1477 802 1552 utrinque
814 1477 887 1534 acles
909 1476 981 1534 inter
992 1477 1049 1534 bina

113 1567 203 1613 tustra
225 1556 254 1612 in
277 1556 400 1614 medium
423 1557 513 1632 campi
534 1557 696 1632 procedunt.
743 1555 855 1632 Vejeus,
876 1555 1047 1612 multitudine

114 1634 264 1704 abundans,
279 1635 326 1710 qui
338 1636 411 1694 iuter
418 1636 622 1694 dimicationem
635 1648 724 1693 castra
734 1636 861 1693 Romana
873 1636 1045 1711 aggrederen-

111 1721 166 1783 tur,
186 1725 250 1790 post
269 1727 377 1772 montes
394 1715 581 1772 circummisit.
621 1715 719 1772 Trium
739 1715 905 1791 populomm
919 1714 1045 1772 exercitos

112 1793 152 1851 ita
171 1793 248 1851 stetit
268 1795 426 1863 instmctur,
450 1807 482 1851 ut
503 1795 631 1852 dextrum
653 1814 739 1852 cornu
753 1794 892 1870 Vejentes,
916 1794 1044 1850 sinistrum

113 1872 213 1932 Falisci
232 1883 367 1940 tenerent,
391 1874 475 1931 medii
497 1873 643 1932 Fidenates
666 1885 768 1932 essent.
806 1872 939 1930 Dictator
958 1874 1044 1930 dextro
1090 1893 1091 1907 ¹

113 1973 199 2011 cornu
209 1956 343 2012 adversus
357 1953 486 2023 Faliscos,
499 1954 609 2012 sinistro
619 1966 714 2010 contra
724 1952 870 2030 Vejentem
881 1952 1045 2030 Capitolinus

113 2034 261 2098 Quinctius
274 2034 367 2092 intulit
380 2034 466 2109 signa.
507 2035 583 2091 Ante
603 2034 723 2090 mediam
742 2036 830 2090 aciem
851 2051 918 2089 cum
932 2032 1043 2108 equitatu
1089 2069 1090 2117 q

112 2114 242 2190 magister
265 2114 389 2189 equitum
411 2112 552 2190 processit.
593 2112 746 2189 Patumper
767 2111 910 2168 silentium
930 2126 959 2170 et
977 2110 1043 2186 quies

112 2195 173 2262 suit,
187 2213 239 2251 nec
253 2193 387 2261 Etruscis,
401 2193 454 2250 nisi
467 2203 639 2268 cogerentur,
659 2211 780 2269 pugnam
793 2191 912 2258 inituris,
928 2204 957 2249 et
969 2192 1042 2248 dictu·
1088 2247 1089 2252 ,

112 2283 172 2330 tore
185 2291 275 2330 arcem
289 2272 442 2330 Romanam
451 2283 632 2348 respectante,
641 2285 673 2330 ut
683 2273 718 2329 ab
727 2271 885 2346 auguribus,
896 2270 1045 2336 simulares¹
1088 2265 1089 2325 l

111 2351 164 2408 rite
177 2350 380 2417 admisissent³,
394 2369 430 2408 ex
443 2351 596 2427 composito
609 2351 752 2408 tolleretur
761 2351 880 2426 signum.
922 2350 1001 2413 Quod
1011 2347 1041 2403 si·

110 2431 169 2488 mul
183 2430 334 2506 conspexit,
348 2429 450 2506 primos
464 2430 570 2504 equites
581 2431 699 2488 clamore
709 2429 818 2488 sublato
828 2429 856 2486 in
866 2427 974 2487 bostem
984 2425 1040 2486 emi·

111 2509 155 2567 eit.
197 2509 299 2567 Secuta
312 2510 436 2585 peditum
451 2509 524 2566 acies
537 2509 642 2584 ingenti
655 2511 682 2566 vi
698 2509 829 2567 conflixit.
872 2506 958 2566 Nullt
975 2519 1039 2584 parte

109 2589 234 2665 legiones
248 2588 383 2646 Etruscae
399 2589 553 2646 sustinuere
570 2589 704 2666 impetum
719 2589 919 2647 Romanorum.
959 2587 1039 2660 Eques
1086 2641 1087 2644 ,

88 2696 90 2704 ¹
108 2669 228 2726 maxime
241 2669 384 2727 resistebat
396 2691 403 2736 ;
422 2668 601 2744 equitumque
611 2669 692 2744 longe
701 2668 865 2726 fortissimus
879 2672 939 2746 ipse
952 2664 1038 2730 renel
1086 2653 1087 2745 i

108 2748 184 2804 omni
196 2761 275 2825 parte
288 2747 375 2807 effuse
388 2747 566 2822 sequentibus
587 2748 750 2823 obequitans
764 2748 909 2818 Romanis,
929 2745 1037 2806 trahem
1085 2803 1086 2820 ,

107 2839 255 2886 certamen.

108 2925 111 2932 ·
147 2907 230 2964 XIX.
251 2907 320 2966 Erat
333 2919 392 2965 tum
410 2908 485 2965 inter·
495 2908 602 2982 equites
618 2908 745 2966 tribunus
757 2907 877 2965 militurn
895 2908 933 2966 A.
947 2905 1036 2980 Corne·

107 2987 161 3043 lius
175 2987 290 3056 Cossus,
310 2988 412 3044 eximii
424 2985 628 3064 pulchritudine
648 2987 778 3064 corporis,
798 2988 890 3045 animo
903 3005 936 3044 ac
948 2983 1034 3041 viribus

106 3085 163 3142 par,
178 3085 339 3142 memorque
353 3068 468 3142 generis,
483 3068 565 3142 quod,
580 3067 780 3143 amplissimum
794 3060 1034 3144 acceptumque

106 3145 268 3223 auctiusque
282 3146 529 3232 reliquitposteris.
569 3145 598 3203 Is
612 3166 697 3222 quum
707 3147 742 3203 ad
753 3147 888 3223 impetum
900 3139 1033 3206 Tolumni,

141 3291 147 3320 ¹
165 3292 287 3358 Legiones
300 3293 450 3340 Faliscorum
462 3301 580 3340 venerunt
591 3293 691 3342 auxilio.
709 3283 711 3290 ’
748 3291 761 3322 ²
782 3295 898 3349 Quadrc·
934 3291 1033 3341 Astora

104 3361 135 3410 he
150 3361 223 3409 could
239 3360 301 3422 keep
316 3359 389 3424 along
401 3362 441 3408 the
453 3358 536 3418 banks,
550 3377 577 3408 so
589 3378 614 3408 as
627 3372 651 3408 to
664 3363 722 3408 heve
735 3359 772 3414 his
783 3375 853 3422 camp
867 3359 975 3418 sortified,
986 3361 1033 3418 byn

104 3439 209 3492 rampart
225 3428 308 3478 drawn
325 3427 389 3474 from
405 3443 451 3475 one
468 3427 529 3475 river
546 3437 572 3476 to
589 3431 629 3477 the
646 3429 721 3476 other.
792 3430 934 3479 'Addicere
944 3425 987 3474 and
997 3425 1032 3471 ud-

104 3499 252 3546 ririttere'are
268 3497 325 3544 both
343 3494 437 3558 applied
454 3504 479 3544 to
496 3497 537 3546 the
547 3495 684 3546 laroureble
696 3511 780 3546 omens
789 3497 918 3564 presented
929 3498 959 3558 by
969 3489 1033 3578 birds.¹

107 3561 357 3628 Scep.43,note2;'
477 3575 483 3586 ⁴
