2230 3846
14 81 22 230 l

13 657 15 694 l

458 190 586 250 LIBER
607 190 646 249 ll.
980 189 1018 248 at

13 343 15 422 l
83 349 288 412 ‘cousuluisse’
328 349 466 408 Conoioui
489 350 588 408 deiude
608 350 700 408 edicte
719 349 826 408 addidit
845 348 938 416 fidem,
959 365 1015 424 quo

74 433 159 499 edixit,
182 439 191 466 ‘
206 429 253 487 Ne
274 429 337 506 quis
356 429 447 486 civem
462 429 618 488 Romanum
634 429 757 486 vinctum
770 441 818 486 aut
831 429 956 486 clausum
968 440 1010 484 te·

74 521 172 580 ‘neret
193 530 253 586 quo
267 509 359 566 minim
373 509 400 566 ei
413 509 532 565 nominis
546 509 647 566 obedi
659 510 734 584 apud
748 508 873 566 consules
886 517 1009 583 potentes

72 593 171 648 ‘deret
217 589 264 646 No
285 588 348 664 quis
368 588 472 654 militis,
492 589 581 646 donec
600 589 629 644 in
649 587 744 645 cestris
757 601 839 654 esset,
859 587 1008 662 bonapot·

71 671 196 737 ‘sideret
218 681 270 725 aut
289 668 438 725 venderet:
462 667 561 724 liberos
575 680 724 744 nepotesve
742 667 802 744 ejus
821 663 1007 724 moraretur¹.'

71 749 127 807 lloc
140 749 291 824 proposito
303 748 405 814 educo,
419 758 457 815 et,
471 747 518 820 qui
530 748 652 812 ederant,
666 747 730 804 nexi
739 745 1008 822 profitetiextsnplo

69 829 192 894 nomiue;
213 840 244 884 et
266 827 390 900 undique
410 845 446 883 ex
464 827 524 882 toni
543 828 611 883 urbe
630 826 840 902 proripientium
860 843 890 881 ss
903 845 938 882 ex
952 826 1007 900 pri·

68 921 132 973 uto,
146 927 239 982 quum
261 907 400 964 retinendi
415 905 462 982 jus
481 906 611 962 creditori
631 925 686 962 non
706 918 788 972 esset
809 923 958 962 concursus
977 923 1007 964 tu

67 990 157 1054 lorum,
173 1001 209 1042 ιιι
221 998 399 1043 recremento
412 985 566 1051 dicerent2,
581 986 649 1041 lieri.
676 984 782 1058 Magoa
791 1003 825 1040 ea
835 983 1006 1049 maousluit3

67 1085 148 1141 neque
168 1066 292 1122 aliorum
314 1066 403 1140 magis
415 1065 444 1120 iu
459 1064 561 1122 Volsco
574 1065 645 1122 bello
658 1063 745 1120 virtus
757 1075 840 1136 utque
854 1081 938 1136 opera
950 1063 1007 1120 eni·

67 1147 120 1202 tuit
162 1145 276 1203 Consul
289 1144 383 1220 copias
397 1142 609 1201 coutrabostem
620 1143 723 1200 educit.
765 1143 853 1199 Parvo
863 1141 1009 1199 dirimente

66 1224 203 1282 inmrvallo
217 1235 311 1280 costra
323 1223 410 1299 pouit.

99 1304 195 1360 XXV.
219 1303 354 1360 Proximis
367 1303 432 1360 inde
441 1315 523 1360 noete
533 1297 637 1364 Volsci.
650 1300 787 1360 discorditi
796 1301 924 1358 Romani
934 1300 1005 1368 freti,

65 1381 1005 1536 ldtdtsslb‘ztbltl'tllssltltbtlttbbttlt

65 1555 101 1598 est
119 1543 155 1598 ad
176 1559 266 1598 erma.
308 1541 351 1598 lta
370 1541 471 1597 frustra
489 1541 519 1597 id
535 1541 677 1614 inceptum
699 1539 807 1596 Volscis
826 1539 887 1596 fuit.
928 1539 1005 1597 Reli-

65 1640 143 1696 quum
157 1619 253 1677 nemis
267 1619 397 1694 utrinque
411 1620 497 1694 quieti
511 1621 615 1676 dotum.
657 1619 772 1676 Postero
786 1619 830 1675 dio
844 1619 933 1694 primi
942 1619 1004 1676 loce

65 1700 162 1767 Volsci,
183 1698 268 1755 fossis
289 1699 409 1775 repletis,
430 1699 531 1754 vallum
551 1699 693 1755 invadunt.
731 1697 851 1772 Jamque
873 1699 908 1754 ab
927 1698 1004 1754 omni

65 1792 134 1854 parte
147 1779 327 1834 munimenta
339 1778 517 1846 vellebantur,
531 1797 616 1852 quum
631 1777 734 1844 consrtl,
746 1796 901 1851 quanquam
912 1777 1005 1836 cuncti

66 1858 191 1933 undique,
213 1869 246 1914 et
267 1857 331 1913 nexi
344 1869 408 1914 ante
421 1875 526 1923 omnes,
544 1867 552 1890 ⁴
567 1870 598 1913 ut
611 1856 718 1932 signum
733 1855 828 1922 daret,’
842 1856 1004 1924 clamabunt,

66 1937 222 2013 experiendi
243 1935 350 1993 animos
371 1936 488 1993 militum
508 1937 592 1993 causti
611 1954 758 2011 parumper
777 1947 906 2002 moratus,
928 1947 1004 2010 post·

67 2035 141 2090 quum
157 2016 229 2072 setis
242 2016 391 2090 apparebat
404 2015 499 2090 ingens
512 2015 601 2080 ardor,
613 2016 678 2071 dato
692 2014 802 2070 tandem
810 2015 845 2070 ad
856 2033 1002 2088 erumpen-

67 2098 125 2152 dum
138 2095 231 2170 signo,
242 2093 358 2150 militem
366 2094 477 2151 avidum
487 2094 644 2151 certaminis
654 2091 765 2150 emittit.
806 2092 900 2149 Primo
908 2091 1001 2148 statim

66 2175 170 2232 iocum
183 2172 260 2250 pulsi
273 2172 385 2230 hostes:
405 2173 580 2248 fugientibus,
592 2173 682 2248 quood
692 2170 799 2246 insequi
810 2171 894 2247 pedes
902 2171 1002 2247 potuit,

66 2263 135 2329 terga
153 2271 254 2310 caesa:
274 2271 360 2327 eques
372 2271 460 2327 usque
476 2254 511 2309 ad
524 2265 612 2310 castra
625 2251 738 2328 pavidos
751 2251 817 2326 egit.
858 2249 930 2308 Mox
943 2251 1003 2327 ipse

65 2345 156 2400 costra,
180 2331 338 2407 legionibus
360 2332 544 2399 circumdatis,
572 2351 658 2406 quum
686 2331 802 2388 Volscos
824 2331 889 2387 inde
915 2331 1000 2388 etiem

64 2430 143 2486 pavor
156 2411 321 2485 expulisset,
335 2423 415 2486 capte
428 2413 598 2486 direptaque.
640 2413 756 2468 Postero
769 2411 815 2468 die
824 2411 860 2466 ad
869 2409 999 2468 Suessam

65 2489 217 2547 Pometiam
228 2489 251 2557 ³,
272 2486 327 2564 qnb
341 2491 521 2566 consurgerent
533 2489 634 2557 bootes,
649 2489 802 2565 legionibus
816 2489 915 2558 ductis,
929 2491 1001 2546 intra

64 2587 161 2644 paucos
180 2569 244 2626 dies
262 2569 395 2645 oppidum
408 2571 532 2645 capitur:
553 2582 664 2646 captum
678 2569 914 2644 emundatum.
954 2569 1001 2626 lu·

64 2648 95 2705 de
115 2649 240 2723 paullum
263 2659 403 2705 mercatus
425 2667 509 2724 egens
532 2649 621 2706 miles
662 2648 766 2706 Consul
794 2667 858 2704 oum
881 2648 1001 2707 maximi

63 2726 145 2800 glorid
163 2727 217 2784 suti
231 2726 363 2784 rictorem
383 2727 535 2785 exercitum
558 2728 676 2785 Romo·
696 2727 812 2785 reducit.
852 2727 999 2786 Deceden-

65 2817 117 2862 tem
132 2807 265 2873 Romam,
284 2807 480 2864 Ecetranorum
496 2807 660 2864 Volscorum
680 2807 771 2882 legati,
792 2807 874 2863 rebus
894 2808 1000 2866 suisti·

64 2897 165 2942 meotes
179 2897 245 2962 post
259 2885 412 2943 Pometiam
427 2899 544 2963 nepum,
558 2887 669 2944 odeum
710 2885 766 2942 His
779 2904 814 2942 ex
824 2898 1001 2946 senatuscon-

63 2964 130 3021 sulto
142 2965 210 3022 data
222 2983 286 3041 pex,
299 2983 365 3040 ager
377 2966 531 3042 ademptos.

98 3041 208 3100 XXVI.
231 3043 384 3101 Confestim
392 3057 421 3102 et
433 3043 528 3102 Sabini
540 3043 681 3102 Romanos
691 3043 849 3102 territnvere
861 3065 869 3102 t
893 3045 999 3103 tumul·

63 3135 104 3180 tus
115 3123 190 3182 enim
204 3121 258 3180 fuit
271 3123 369 3192 neritis,
383 3123 466 3200 quim
477 3123 579 3182 bellum
593 3123 617 3180 ⁴.
658 3123 749 3182 Nocte
763 3123 792 3180 iu
805 3123 873 3182 urbe
887 3125 999 3183 nunciu-

94 3281 99 3309 ¹
117 3285 263 3338 Moruretur,
282 3279 369 3328 should
383 3281 477 3329 molest.
545 3285 558 3312 ²
574 3283 661 3332 Dicere
669 3292 826 3338 commento,
844 3291 870 3330 ιο
885 3281 997 3344 promise,

63 3349 91 3410 by
101 3365 115 3397 ι
125 3347 233 3410 military
244 3351 308 3408 osth,
320 3359 346 3395 to
356 3349 461 3409 perform
473 3351 513 3396 the
524 3347 603 3396 duties
614 3349 665 3397 ola
676 3348 770 3395 soldier.
801 3354 959 3402 Sacramenta,
971 3347 998 3393 in

63 3417 100 3463 tlte
114 3413 227 3464 ablativo.
312 3416 383 3464 'See
399 3433 424 3478 p.
444 3417 485 3474 89,
504 3424 560 3462 note
577 3417 601 3463 3.
687 3416 697 3444 ⁴
718 3419 854 3470 numurus,
873 3429 887 3459 u
903 3411 997 3459 sudden

63 3483 140 3546 lorsy3
153 3485 248 3540 bellatus,
260 3498 275 3530 a
285 3483 382 3548 regulet
393 3499 450 3531 war.
481 3485 534 3532 The
544 3482 657 3544 ordinary
664 3480 802 3529 distinction
814 3483 920 3526 between
932 3478 998 3542 tbess

64 3559 107 3598 tuo
124 3548 206 3600 words
222 3549 243 3598 is
259 3551 314 3599 tbut
330 3551 403 3614 giren
419 3552 452 3612 by
471 3551 563 3605 Cicero,
584 3549 648 3597 Phil.
662 3548 710 3596 viii.
734 3549 754 3595 Ι.
792 3546 897 3608 lllajures
917 3540 994 3592 nostri

528 3633 541 3672 1
