2230 3846
444 190 568 249 LIBER
589 190 643 249 111.
959 189 1015 246 153

80 369 155 426 quum
171 348 266 408 hostes
280 368 335 406 non
349 349 525 416 invenissent,
539 349 626 407 secuti
646 350 745 406 lamam
758 367 791 406 ac
804 345 927 423 rmtigia,
942 347 1014 405 obvii

75 431 140 487 finnt
153 429 389 487 descendentibus
402 430 437 486 ab
452 429 608 486 Tusculano
628 429 656 484 in
674 428 809 484 Albanam
824 427 930 484 vallem.
971 426 1014 484 lbi

75 507 283 584 haudquaquam
294 527 384 583 aequo
394 509 498 584 proelio
507 519 658 584 pugnatum
669 519 721 573 est,
735 507 856 581 fidesque
870 526 920 564 sua
933 505 1014 564 soriis

76 607 164 664 parum
179 587 250 645 felix
263 589 291 645 in
306 587 459 664 praesentiit
468 588 529 644 ιἰιὶι.
559 587 643 643 Haud
655 587 743 642 minor
756 585 860 643 Romae
874 586 905 644 fit
919 585 1014 642 morbo

8 683 9 738 3
75 679 184 742 strages,
199 664 284 742 quaint
299 680 401 742 quantu
413 667 484 723 ferro
497 667 634 723 sociorum
647 666 719 722 sacta
732 678 798 722 erat.
839 664 951 732 Consul,
965 663 1013 740 qui

73 765 137 803 unus
158 759 314 822 supererat,
337 747 460 802 moritur.
501 745 609 802 Mortui
628 758 657 802 et
676 744 722 802 alii
742 743 808 802 clari
822 743 881 808 riri,
897 742 940 800 M.
956 743 1012 800 Va·

72 825 159 892 lerius,
183 825 219 882 T.
241 825 384 900 Virginius
405 823 525 890 Rutilus,
546 844 680 900 auguresr
700 821 760 882 Ser.
776 823 922 898 Sulpicius,
936 823 1013 881 curio

72 905 207 962 maximus
216 905 235 960 ¹.
277 904 316 961 Et
329 923 379 980 per
393 903 486 979 ignota
499 904 656 979 capitulate
670 917 783 978 evagata
797 916 840 960 est
853 903 894 959 vis
907 902 1012 960 morbi:

71 983 203 1059 inopsque
224 995 337 1041 senatus
356 983 452 1040 auxilii
472 982 592 1049 humani,
611 984 646 1039 ad
665 981 743 1038 Deos
757 982 889 1058 populum
903 1001 935 1040 ac
949 995 1013 1038 rota

70 1063 157 1120 vertit.
200 1062 278 1120 Jussi
292 1081 356 1120 cum
371 1061 534 1138 conjugibus
548 1082 580 1119 ac
594 1062 685 1119 liberis
699 1062 881 1137 supplicatum
895 1061 944 1124 ire,
965 1079 1012 1136 pa·

71 1161 184 1218 remque
198 1161 349 1218 exposcere
363 1141 467 1198 Derim.
503 1143 552 1200 Ad
564 1141 601 1204 id,
616 1139 710 1216 qu0d²
724 1160 774 1197 sua
787 1159 924 1216 quemque
939 1139 1011 1196 mala

70 1223 213 1296 cogebant,
229 1221 393 1278 auctoritate
406 1221 516 1296 publica
525 1222 640 1286 evocati,
655 1220 747 1276 omnia
759 1220 872 1278 delubra
885 1219 1010 1294 implent.

70 1298 176 1357 Snatae
189 1301 291 1376 passim
306 1315 416 1366 matres,
424 1299 550 1356 ⁴crinibus
564 1299 668 1376 templa
677 1313 824 1366 verrentes,
839 1300 946 1356 reniam
957 1297 1009 1356 irs·

68 1399 123 1436 rurn
139 1379 315 1445 coelestium,
329 1379 466 1453 finemque
480 1380 551 1456 pesti
564 1390 725 1454 exposcunt.
907 1431 910 1440 ,

103 1456 188 1516 Vlll.
209 1457 280 1516 Inde
293 1459 444 1534 paullatim,
459 1479 509 1515 seu
522 1478 590 1533 pace
604 1457 699 1515 Derim
714 1458 860 1534 impetrati
873 1478 931 1525 seu,
946 1476 1007 1532 gra·

65 1537 138 1595 viora
148 1549 277 1614 tempore
290 1537 354 1594 anni
363 1536 422 1613 jam
433 1538 601 1595 circumacto
609 1536 629 1603 ³,
642 1538 771 1594 defuncta
781 1538 883 1594 morbis
893 1556 1008 1612 corpora

65 1617 214 1674 salubriora
234 1636 295 1674 esse
313 1617 448 1690 incipere:
469 1617 608 1692 versisque
621 1617 719 1674 animis
734 1615 792 1692 jarn
814 1618 848 1674 ad
869 1617 1007 1692 publicam

65 1715 165 1764 curam,
177 1715 265 1771 quum
279 1697 383 1771 aliquot
397 1695 572 1770 interregna⁴
586 1699 715 1762 exissent,
728 1697 760 1753 P.
772 1696 897 1754 Valerius
913 1695 1005 1754 Publi·

164 1776 225 1833 cola
252 1777 335 1832 tertio
361 1775 415 1842 die,
436 1775 517 1850 quiam
539 1777 723 1851 interregnum
748 1776 853 1842 inierat,
881 1774 1006 1832 consules

64 1856 118 1891 Μ
164 1867 241 1912 creat
259 1852 294 1911 L.
308 1853 469 1912 Lucretium
485 1854 679 1930 Tricipitinum
693 1867 721 1912 et
736 1855 769 1911 Τ.
785 1853 930 1912 Veturium
946 1853 1004 1912 Ge·

63 1909 118 1958 29²·
163 1935 289 1999 minuam
308 1933 424 1990 sireille
439 1933 590 1992 Vetusius⁵
612 1935 673 1992 suit.
714 1934 791 1990 Ante
805 1934 877 1990 diem
892 1933 1004 1990 tertium

63 2008 127 2068 Idus
143 2010 287 2072 Sextiles⁶
307 2012 479 2070 consulatum
500 2014 604 2079 ineunt,
618 2012 676 2087 jam
696 2012 762 2070 satis
777 2013 865 2068 validi
884 2011 1004 2077 civitate,

63 2102 93 2148 ιιι
112 2111 168 2148 non
183 2090 275 2150 soltim
296 2111 389 2150 arcere
409 2093 521 2159 bellum,
542 2093 590 2148 sed
609 2093 680 2148 ultro
693 2091 776 2148 etiarn
790 2090 889 2148 inferre
904 2103 1004 2166 posset.

62 2167 157 2242 Igitur,
180 2172 376 2230 nunciantibus
399 2171 536 2235 Hernicis,
561 2171 610 2226 ‘in
631 2171 700 2227 flues
720 2190 784 2226 suos
804 2169 1003 2228 transcendisse

62 2255 69 2281 ‘
82 2247 184 2308 hostes'
199 2251 319 2328 impigre
333 2251 497 2327 promissum
511 2250 654 2307 auxilium.
681 2249 749 2306 Duo
759 2249 914 2306 consulares
924 2267 1001 2306 exer·

60 2327 128 2386 ritus
149 2331 257 2407 scripti.
298 2329 430 2388 Veturius
450 2331 549 2386 missus
568 2330 596 2386 in
616 2329 731 2386 Volscos
750 2331 785 2386 ad
805 2329 907 2386 ballum
929 2328 1003 2386 ultro

58 2406 240 2466 inferendum.
282 2408 470 2484 Tricipitinus,
491 2408 713 2486 populationibus
727 2409 850 2466 arcendis
864 2408 1002 2466 sociorum

58 2504 120 2560 agro
133 2490 289 2565 oppositus,
310 2508 364 2546 nou
379 2488 459 2554 ultria,
472 2488 555 2562 quiam
570 2489 597 2544 in
613 2487 758 2552 Hernicos,
773 2489 904 2564 procedit.
946 2487 1002 2544 Ve-

58 2567 144 2624 turius
157 2569 250 2644 primo
263 2568 368 2644 proelio
378 2567 471 2624 hostes
480 2568 571 2624 fundit
581 2569 721 2643 fugatque.
748 2566 919 2632 Lucretium,
933 2567 1002 2622 dum

59 2643 85 2700 in
98 2644 234 2704 Hernicis
248 2648 336 2714 sedet,
357 2647 525 2722 praedonum
540 2667 637 2722 agmen
652 2647 747 2704 fefellit
756 2645 776 2714 ⁷,
797 2665 879 2722 supra
893 2660 1001 2704 montes

89 2755 95 2783 ¹
108 2755 177 2803 Esch
187 2757 218 2804 of
226 2758 266 2804 the
275 2757 348 2818 thirty
358 2761 454 2815 Ottrr'ue,
464 2756 587 2804 instituted
598 2760 628 2819 by
642 2755 770 2808 Romulus.
780 2755 869 2804 elected
879 2771 909 2802 sn
919 2755 1001 2804 offirer

58 2821 129 2870 called
143 2829 228 2882 Carrio,
245 2835 270 2872 ιο
288 2823 380 2885 preside
392 2841 448 2871 over
465 2826 505 2872 the
521 2825 602 2872 sacred
619 2825 676 2872 uites
692 2823 798 2885 peculiar
814 2833 839 2870 ιο
856 2825 913 2872 each
926 2824 999 2874 ward.

59 2889 106 2936 The
117 2892 243 2952 president
256 2893 285 2940 oi
299 2894 339 2940 the
352 2896 470 2949 Curiones,
487 2892 576 2939 elected
589 2895 619 2954 by
632 2894 671 2939 the
684 2892 759 2940 whole
771 2891 856 2954 people
867 2892 891 2938 in
905 2893 944 2940 the
957 2898 999 2944 Co-

56 2963 122 3007 mitia
136 2963 249 3017 Curiata,
269 2973 317 3007 was
330 2959 405 3007 called
420 2965 492 3010 Curio
505 2965 633 3010 Marimat-
743 2955 752 2982 ²
767 2958 810 3015 ,Ad
826 2958 859 3018 id,
871 2959 945 3022 quod,
958 2962 1000 3008 be-

57 3023 115 3072 sides
126 3027 188 3074 thar.
281 3025 290 3055 ¹
312 3027 450 3090 According
461 3039 487 3076 to
501 3028 641 3090 Dionysius,
654 3029 693 3074 the
705 3027 832 3088 pestilence
844 3027 1000 3076 commenced

55 3089 78 3137 in
91 3095 242 3154 September,
254 3093 302 3142 und
315 3095 389 3142 lasted
399 3095 435 3142 ior
445 3111 459 3142 a
471 3111 535 3156 year.
636 3096 645 3124 ⁴
664 3094 780 3157 Properly
789 3094 912 3157 speaking,
925 3093 998 3143 inter·

54 3173 157 3222 reguum
169 3162 190 3208 is
202 3162 336 3222 applicabis
348 3161 403 3223 only
416 3173 441 3209 ιο
458 3167 498 3210 the
511 3161 612 3210 interval
629 3165 735 3208 between
753 3172 801 3210 two
818 3167 902 3224 rrignr.
941 3163 966 3211 It
978 3163 998 3210 is

54 3228 111 3274 used
129 3228 264 3291 generally,
282 3230 399 3283 however,
417 3239 443 3276 to
460 3230 563 3277 indicate
583 3230 615 3276 all
631 3230 726 3277 interitu
738 3239 915 3292 gorernments.
953 3231 997 3278 See

54 3293 74 3342 1.
93 3295 130 3343 17.
276 3350 279 3356 ¹
380 3299 450 3345 ⁵See
468 3314 492 3358 p.
510 3297 561 3356 148,
574 3307 630 3344 note
642 3299 665 3346 3.
885 3297 997 3344 ‘Eitber

51 3361 88 3409 ior
99 3373 159 3412 unte
170 3366 233 3412 diem
243 3368 335 3414 tertium
348 3365 492 3421 confectum,
503 3365 606 3426 (during
618 3366 657 3412 the
668 3379 752 3411 course
763 3365 792 3412 os
800 3366 839 3412 the
852 3363 914 3410 third
926 3363 996 3424 day‚)

52 3441 105 3479 utute
121 3435 193 3486 latua,
211 3446 239 3478 or
255 3433 358 3494 through
376 3448 442 3480 some
458 3431 621 3494 grammaticnl
642 3432 790 3493 inaccuracy,
811 3433 850 3476 the
868 3443 951 3474 source
970 3430 1000 3474 of

53 3497 129 3544 which
142 3513 180 3543 we
191 3510 279 3546 cannot
290 3510 359 3556 unce,
373 3500 410 3546 for
422 3501 461 3547 the
473 3515 538 3547 more
550 3499 649 3546 obvious
660 3503 697 3548 die
707 3501 773 3546 tertio
785 3506 846 3546 ante.
929 3495 937 3520 ⁷
952 3495 995 3544 See

52 3579 76 3624 p.
89 3564 130 3622 91,
144 3565 238 3615 noted.
