2230 3846
102 221 166 284 122
491 224 526 282 T.
548 223 648 284 LlVlI

101 384 185 444 Nunc
199 384 299 461 jubent
314 383 447 442 Etruscos
460 384 559 460 probra
571 381 673 459 jacere,
687 400 761 438 nnnc
773 381 884 440 ermetis
897 381 951 439 sibi
965 381 1060 458 quis·

103 485 157 540 qne
171 464 264 540 lingui
277 475 435 540 promptum
448 461 556 520 hostem
570 462 670 520 offerri.
711 461 846 520 Omnium
860 461 906 518 illo
919 461 977 530 die,
995 461 1064 535 qua

104 543 201 620 plebis,
216 541 270 618 qua
286 544 407 610 Petrum,
425 542 526 600 eximia
539 541 625 599 virtus
638 541 699 598 suit.
740 539 855 598 Fabium
869 560 982 607 nomen,
998 539 1063 596 Fa-

104 623 150 684 bia
169 642 236 698 gens
256 623 375 680 maxime
391 621 499 679 enituit.
540 619 641 678 Multis
654 619 780 678 civilibus
794 619 995 678 certaminibus
1012 619 1064 674 in-

105 703 196 760 fensos
206 701 293 777 plebis
303 701 408 758 animo
418 701 465 757 itit
477 700 570 776 pugna
580 701 632 756 ibi
640 699 816 757 reconciliare
824 709 959 756 statuunt.
1004 695 1065 754 In-

106 782 221 838 struitur
237 781 326 838 acies:
347 800 398 838 nec
415 779 518 856 Vejens
538 777 623 836 hostis
645 779 835 853 Etruscaeque
856 779 980 853 legiones
1005 778 1063 834 de-

106 872 233 918 trectant.
371 925 374 930 ³

148 939 253 996 XLVI.
275 939 365 1014 Prope
386 949 460 996 certa
475 957 538 1012 spes
552 948 619 1004 erat,
641 944 718 994 ‘non
732 936 818 1009 magis
834 954 926 992 secum
942 953 1063 1010 pugna-

110 1025 117 1051 ‘
132 1031 216 1083 turos,
231 1017 314 1092 quiam
328 1017 509 1093 pugnaverint
520 1036 584 1074 cum
598 1017 704 1091 Aequis
714 1017 729 1070 ¹.
771 1014 866 1091 Meju's
877 1010 992 1089 qnoque
1005 1014 1062 1072 ali-

109 1098 214 1172 ‘quod,
236 1099 264 1154 in
283 1109 338 1154 tam
359 1095 471 1154 irritatis
486 1095 583 1152 animis
602 1109 631 1153 et
647 1095 790 1152 occasione
807 1093 920 1169 ancipiti
931 1098 953 1160 ²,
976 1091 1063 1150 hand

110 1183 117 1210 ‘
132 1177 332 1252 desperandum
347 1195 406 1244 esse
420 1174 541 1232 facinus!
582 1175 640 1232 Res
653 1175 731 1232 aliter
741 1174 821 1248 longe
833 1173 932 1230 evenit.
977 1170 1064 1229 Nam

110 1275 165 1312 non
179 1257 232 1312 elio
245 1257 309 1312 ante
323 1254 395 1311 bello
408 1255 532 1312 infestior
549 1255 690 1312 Romanus
705 1249 789 1328 (adeo
800 1251 865 1308 ltine
875 1251 1066 1308 contumeliis

111 1335 212 1400 hostes,
233 1333 297 1390 hinc
317 1334 443 1390 eonsules
463 1334 540 1390 morti
559 1331 802 1406 exacerbaverant)
824 1331 959 1408 proelium
980 1329 1062 1386 iniit.

112 1413 168 1484 Vix
183 1413 335 1488 explicandi
350 1413 451 1468 ordinis
462 1413 581 1488 spatium
596 1411 721 1468 Etruscis
730 1410 790 1476 luit,
802 1429 896 1484 quum,
908 1410 972 1485 pilis
980 1409 1064 1466 inter

112 1493 229 1568 primam
250 1491 460 1566 trepidationem
480 1490 592 1566 abjectis
607 1504 710 1548 temere
725 1489 819 1563 magis,
834 1489 916 1564 quam
930 1488 1062 1556 emissis,

112 1589 204 1646 pugna
213 1569 272 1646 jam
287 1571 316 1626 in
330 1590 434 1638 manus,
445 1569 503 1646 jam
517 1572 552 1626 ad
566 1570 680 1645 gladios,
695 1569 743 1625 ubi
758 1567 836 1624 Mans
850 1581 892 1626 est
913 1567 1063 1625 atrocissi-

113 1670 184 1716 mus,
199 1661 318 1706 venerat.
358 1649 434 1706 Inter
448 1649 580 1723 primores
590 1669 677 1724 genus
692 1647 807 1704 Fabium
822 1647 927 1721 insigne
944 1658 1064 1722 specta·

113 1729 176 1786 culo
196 1729 377 1803 exemploque
397 1729 501 1784 civibus
522 1741 588 1785 erat.
630 1727 676 1784 Ex
696 1726 738 1783 his
759 1727 794 1790 Q.
815 1725 929 1782 Fabium
953 1726 1063 1801 (tertio

114 1807 159 1864 hic
172 1827 244 1864 anno
258 1809 321 1864 ante
335 1807 429 1864 consul
442 1808 547 1878 fuerat)
562 1807 712 1882 principem
727 1806 755 1860 in
769 1805 905 1862 confertos
919 1805 1062 1882 Vejentes

114 1899 235 1959 euntem,
250 1887 326 1942 ferox
339 1886 441 1942 viribus
455 1898 483 1942 et
496 1905 634 1942 armorum
648 1897 706 1942 arte
722 1884 839 1949 Tuscus,
853 1884 1001 1941 incautum
1016 1884 1062 1939 in-

115 1979 157 2022 ter
172 1966 270 2022 multas
285 1979 437 2022 versantem
451 1964 572 2021 hostium
582 1984 686 2030 manus,
697 1963 788 2038 gladio
798 1982 847 2039 per
856 1975 955 2038 pectus
967 1975 1062 2020 trans-

115 2045 182 2120 figit.
217 2044 287 2102 'l‘elo
295 2056 426 2112 extracto,
436 2063 566 2120 praeceps
578 2043 677 2102 Fabius
686 2043 714 2098 in
723 2043 821 2098 vulnus
829 2042 895 2098 abiit
905 2041 926 2097 ³.
961 2040 1064 2100 Sensit

114 2137 230 2198 utraque
248 2124 321 2180 acies
340 2124 422 2180 unius
435 2123 485 2179 viri
504 2143 607 2187 casum,
630 2123 798 2196 cedebatque
812 2122 876 2177 inde
891 2121 1062 2178 Romanus:

115 2223 200 2276 quum
221 2201 264 2258 M.
280 2203 381 2260 Fabius
399 2203 493 2260 consul
514 2202 650 2260 transiluit
665 2201 783 2278 jacentis
803 2219 911 2276 corpus,
932 2199 1063 2276 objectisn

116 2301 169 2354 que
180 2283 283 2356 parmis,
306 2289 313 2314 ‘
329 2283 393 2337 Hoc
401 2281 532 2356 jurastis?
546 2282 643 2356 inquit,
665 2290 672 2314 ⁴
689 2281 796 2346 milites,
810 2280 946 2354 fugientes
963 2299 1016 2336 vos
1032 2280 1063 2334 in

117 2369 227 2415 ‘castra
244 2359 402 2416 redituros?
427 2360 507 2416 Adel)
527 2359 715 2434 ignavissimos
734 2358 826 2416 hostes
839 2360 926 2432 magis
939 2357 1064 2423 timetis,

119 2445 125 2472 ‘
141 2437 224 2512 quam
237 2437 335 2494 Jovem
357 2437 540 2513 Martemque,
562 2458 611 2515 per
624 2459 693 2514 quos
700 2437 838 2513 juristis?
861 2439 902 2494 At
916 2457 969 2512 ego
983 2435 1062 2513 inju-

118 2524 125 2552 ‘
137 2529 214 2582 ratus
228 2530 276 2573 ent
291 2517 378 2574 victor
389 2529 518 2582 revertar,
527 2531 575 2574 aut
585 2538 670 2594 prope
680 2531 707 2574 te
721 2517 773 2584 hle,
785 2517 821 2580 Q.
834 2517 908 2582 Fabi,
920 2516 1062 2573 dimicans

118 2603 125 2629 ‘
140 2595 253 2652 cadam!
295 2595 409 2653 Consuli
423 2607 482 2652 tum
496 2595 535 2652 K.
550 2596 649 2654 Fabius
662 2596 760 2672 prioris
770 2596 834 2652 enni
843 2595 947 2660 consul,
965 2595 1061 2651 ‘Ver-

117 2683 126 2710 ‘
140 2674 217 2734 hisne
231 2675 301 2741 istis,
315 2677 405 2742 freter,
421 2686 452 2731 nt
465 2688 596 2750 pugnent,
611 2689 639 2732 te
648 2676 857 2751 impetraturum
868 2673 982 2731 credis?
1007 2673 1061 2730 Dii

2 2747 3 2802 l
34 2807 37 2816 ,
118 2751 333 2829 ‘impetrabunt
347 2774 397 2830 per
409 2773 477 2828 quos
487 2753 623 2830 juravere.
664 2754 703 2810 Et
715 2774 773 2821 nos,
785 2767 816 2810 ut
827 2755 906 2810 decet
917 2771 1060 2828 proceres,

118 2839 172 2888 ‘ut
194 2833 278 2894 Fabio
295 2834 405 2895 nomine
424 2848 466 2890 est
484 2833 607 2906 dignum,
628 2835 776 2908 pugnando
794 2833 894 2909 potius,
908 2830 994 2906 qnam
1009 2830 1061 2888 ad·

118 2919 125 2988 ξ
141 2910 283 2980 hortando,
297 2913 479 2970 accendamus
494 2911 611 2968 militnm
624 2911 747 2990 animos!
789 2911 836 2970 Sic
845 2913 871 2968 in
883 2912 1003 2986 primum
1017 2911 1061 2966 in-

117 2991 193 3081 festis
213 2990 297 3050 hastis
317 2991 462 3068 provolant
475 2992 530 3048 duo
545 2991 630 3057 Fabii,
645 3003 786 3065 totamque
801 3001 945 3048 moverunt
959 3009 1060 3047 secum

117 3089 213 3131 acrem.

157 3148 279 3208 XLVII.
301 3149 409 3206 Proelia
429 3167 464 3206 ex
483 3160 561 3223 parte
582 3149 637 3206 und
654 3149 790 3216 restituto,
805 3147 890 3204 nihilo
903 3147 1017 3221 segnius
1031 3146 1060 3202 in

118 3228 204 3301 altero
220 3247 305 3286 cortnu
325 3228 376 3286 Cn.
396 3227 518 3285 Manlius
536 3228 632 3285 consul
649 3248 769 3304 pugnam
783 3229 888 3284 ciebat:
909 3227 957 3284 ulti
971 3245 1060 3302 prope

151 3341 158 3368 ¹
178 3339 222 3387 See
236 3339 310 3398 Chap.
324 3337 365 3386 43.
451 3333 461 3360 ¹
475 3339 605 3388 Occasione
613 3341 721 3399 ancipiti,
740 3337 766 3384 in
783 3337 968 3384 circumstances
980 3335 1061 3380 where

119 3409 159 3454 the
175 3408 270 3456 Roman
287 3420 354 3467 army
366 3421 413 3452 was
429 3403 519 3464 doubly
530 3403 643 3466 exposed,
660 3415 685 3451 to
702 3404 805 3451 internal
821 3402 937 3466 quarrels,
953 3401 1005 3450 and
1018 3417 1061 3448 ex-

116 3474 193 3520 ternal
205 3473 319 3520 violence.
456 3470 465 3498 ³
483 3472 652 3534 &receptam
692 3471 781 3520 Fabius
797 3471 840 3519 t'ell
850 3468 963 3524 ,forumd
978 3484 1012 3518 on
1026 3469 1062 3516 ltis

118 3540 236 3590 wounded
248 3543 334 3588 breast.
635 3535 638 3542 ’
