2262 3858
454 221 578 284 staua
601 220 636 279 v.
848 174 849 180 Ν
958 223 1016 280 aas

88 379 187 438 delendi
198 381 295 440 urbem
309 399 401 456 posse,
408 391 464 438 tam
474 380 558 456 parvis
570 379 665 438 relicti
674 399 765 447 manu,
776 399 839 458 spes
848 381 922 438 aulla
930 392 1011 450 emet,

84 460 187 536 placuit,
201 469 209 494 ¹
224 479 287 518 oum
302 458 465 536 conjugibus
477 479 510 518 ao
522 459 613 518 liberis
621 458 798 536 juventutem
811 461 954 518 militarem
968 481 1011 518 se-

83 538 235 614 ‘ustiraque
247 538 331 596 robur
346 541 374 596 iu
387 559 477 596 aroern
493 538 714 614 Capitoliumque
728 539 896 606 concedere;
916 540 1011 598 armis·

82 626 149 691 ‘que
162 632 192 676 et
204 617 345 676 frumento
364 618 478 684 collatis,
497 637 533 674 ex
552 615 614 674 loco
633 619 698 676 iude
709 618 817 674 munito
830 619 908 676 Deos
921 617 1009 676 homi·

80 703 199 772 ‘neuque
209 709 241 754 et
250 698 407 754 Romanum
416 715 516 754 nomen
526 696 682 754 defendere.
704 696 854 773 Flaminem
865 700 872 728 ¹
886 699 1011 756 sacerdo

78 783 85 810 ς
515 776 521 788 .
767 775 773 788 .
866 776 882 790 ..

77 775 588 921 ιῧῖζῗῗέῗέιὲἳὶἒθξῗὲιῗὲ
598 775 1011 932 ttltfltllltllt!

77 942 83 968 ‘
95 947 164 1002 sent,
179 935 229 1009 qni
241 935 371 992 colerent.
412 933 443 992 Si
452 953 501 992 arx
511 933 742 1010 Capitoliumque,
753 935 833 992 sedes
841 933 976 1003 Deorum,
987 936 1011 992 si

76 1021 215 1080 ‘senatus
236 1026 318 1090 caput
337 1013 442 1090 publici
462 1013 577 1080 consilii,
596 1013 620 1069 si
640 1013 763 1074 militaris
771 1012 903 1089 juventus
916 1033 1011 1090 snper·

77 1093 178 1150 ‘fuerit
190 1093 347 1152 imminenti
362 1092 457 1150 ruinae
470 1093 554 1160 urbis,
575 1091 683 1150 facilem
698 1089 836 1168 jacturam
849 1113 910 1152 esse
922 1094 1011 1152 senio·

76 1179 165 1238 ‘ruru‚
186 1171 299 1230 relictae
312 1172 339 1230 in
354 1173 422 1230 urhe
433 1171 528 1246 utique
542 1173 678 1246 periturae
691 1170 805 1230 turbae!
845 1172 893 1239 Et,
910 1191 965 1247 quo
981 1173 1012 1230 id

75 1251 202 1325 aequiore
216 1251 309 1308 animo
322 1251 357 1308 de
371 1249 452 1326 plebe
465 1251 615 1308 multitudo
628 1251 720 1317 ferret,
741 1270 821 1308 senes
833 1249 1012 1327 triumphales

74 1331 284 1404 consularesque
306 1329 410 1388 ‘simul
423 1349 453 1388 se
466 1349 531 1388 cum
550 1327 611 1386 illis’
632 1327 720 1404 palam
741 1329 833 1388 dicere
848 1338 855 1364 ‘
869 1331 1010 1388 obituros:

75 1417 145 1468 ‘uso
158 1408 204 1466 his
225 1409 392 1484 corporibus,
413 1408 513 1484 quibus
533 1427 590 1464 uon
603 1427 678 1466 arma·
696 1409 775 1477 ferre,
796 1428 852 1468 nou
872 1409 944 1468 tueri
963 1430 1012 1487 pu-

73 1495 80 1521 ‘
94 1489 174 1547 triam
189 1501 312 1564 possent,
325 1501 485 1546 onemturos
498 1487 617 1563 inopiam
631 1486 815 1544 armatorum!

108 1567 174 1624 XL.
195 1567 277 1625 Haec
297 1567 369 1624 inter
388 1567 508 1626 seniores
527 1567 609 1624 morti
629 1567 781 1628 destinatos
788 1566 893 1644 jactata
905 1568 1010 1628 solatia.

73 1645 176 1706 Versae
190 1647 256 1706 iudo
268 1645 472 1706 adhortationes
484 1647 520 1704 ad
533 1665 632 1722 agmen
640 1645 785 1722 juvenum,
799 1666 869 1721 quos
884 1647 913 1704 iu
927 1647 1010 1724 Capi·

72 1725 171 1784 olium
184 1739 268 1800 atque
280 1727 309 1784 in
321 1745 411 1786 arcem
426 1727 668 1801 prosequebantur,
682 1727 905 1784 commendantes
916 1727 1012 1786 virtud

72 1825 168 1862 eorum
175 1804 372 1880 juuautaeque,
382 1806 456 1862 urhis
464 1825 512 1880 per
526 1817 663 1862 trecentos
676 1805 817 1880 sexaginta
829 1806 936 1862 annos²
951 1827 1011 1864 om·

71 1883 151 1942 nibus
175 1884 255 1942 hellis
277 1883 404 1952 victricis,
426 1903 606 1959 quaecunque
629 1883 734 1958 reliqua
754 1896 836 1952 esset,
862 1886 1010 1942 fortunam.

71 1961 309 2038 Digredientihus,
329 1964 377 2038 qui
396 1983 473 2040 spem
492 1982 602 2020 omnem
622 1975 705 2036 atque
725 1982 805 2038 opem
826 1982 919 2020 secum
940 1965 1010 2022 fere·

71 2042 145 2108 mut,
160 2044 195 2100 nh
209 2041 252 2108 iis,
266 2043 315 2117 qui
328 2055 424 2118 captae
436 2042 512 2100 urhis
525 2061 580 2098 uon
593 2060 737 2117 superesse
746 2053 897 2100 statuerant
907 2042 1011 2108 oxiti03

71 2140 157 2194 quum
166 2122 226 2196 ipsu
238 2141 282 2178 res
291 2123 451 2197 speciesque
461 2120 622 2178 miserabilis
633 2133 699 2186 erat,
710 2133 769 2180 tum
779 2120 918 2178 muliebris
928 2121 1010 2178 fletus

72 2212 99 2256 et
111 2201 288 2260 concursatio
301 2202 413 2267 incerta,
427 2219 502 2259 nuno
514 2198 564 2256 hos
577 2219 651 2258 nunc
663 2199 723 2256 illos
742 2199 924 2274 sequentium,
938 2202 1011 2276 rogi·
1032 2245 1034 2254 χ

71 2280 246 2354 tantiumque
259 2280 332 2338 viros
345 2293 487 2356 natosque,
509 2287 516 2313 ‘
531 2278 577 2336 cui
596 2299 627 2336 se
645 2279 702 2336 fato
715 2277 829 2345 darent,’
845 2277 922 2346 nihil,
936 2281 1011 2354 quod

70 2356 200 2418 humanis
212 2372 368 2435 superesset
381 2359 468 2425 malis,
488 2358 684 2433 relinquebant
724 2356 830 2432 Magna
843 2378 905 2434 pars
918 2370 1011 2417 tumen

71 2457 167 2498 manin
186 2438 215 2496 in
232 2457 323 2498 arcem
343 2449 588 2514 suos‘prosecutae
608 2449 681 2504 suut,
701 2456 752 2494 nec
770 2436 930 2513 prohibente
944 2439 1009 2506 ullo,

71 2536 123 2576 uec
136 2530 272 2584 vocante3
292 2519 365 2594 qnia,
378 2518 454 2592 quod
467 2517 535 2576 utile
547 2516 665 2576 obsessis
678 2517 714 2574 ad
724 2517 898 2576 minuendam
913 2517 1010 2576 imbel-

71 2596 125 2654 lem
141 2597 357 2664 multitudinem,
377 2598 406 2654 id
419 2616 515 2673 purum
534 2593 684 2654 humanum
704 2608 771 2654 erat.
812 2596 878 2654 Alia
891 2597 1010 2656 maxime

71 2675 161 2751 plebis
175 2678 263 2743 turha,
272 2695 355 2750 quam
368 2696 419 2734 nec
432 2695 530 2752 cupere
542 2686 598 2734 taur
612 2676 728 2750 exiguus
738 2674 824 2742 collis,
834 2695 887 2734 uec
899 2677 971 2734 alere
981 2677 1011 2734 iu

72 2756 150 2814 unit
161 2755 255 2830 inopiis
268 2755 397 2816 frumenti
405 2767 520 2830 poterat,
532 2774 567 2814 ex
577 2754 645 2812 urbe
653 2753 740 2812 effusa
748 2753 822 2810 velut
835 2755 942 2829 agmine
950 2754 1012 2830 jum

72 2854 130 2892 uuo
143 2835 225 2910 petiit
238 2835 395 2894 ,Ianiculum
404 2831 425 2890 ³.
464 2834 535 2892 lude
547 2853 609 2909 pars
619 2853 669 2910 per
681 2851 760 2907 agros
773 2833 879 2908 dilapsi,
893 2854 955 2910 pars
965 2855 1011 2892 ur·

73 2915 122 2973 bes
136 2925 237 2990 petum
250 2915 387 2979 finitimas,
402 2913 460 2970 sine
474 2913 531 2972 ullo
545 2914 614 2970 duoe
628 2925 832 2980 autuonsomo,
846 2932 923 2970 suam
937 2915 1011 2990 quis·

72 3012 129 3066 qne
143 3012 231 3069 spem,-
241 3013 292 3052 sna
304 2993 425 3060 consilia,
436 2992 628 3050 communibus
636 2991 782 3068 deploratis
790 2991 808 3060 ⁴,
822 3007 1014 3069 exsequentes.

110 3139 117 3168 ¹
135 3141 182 3188 We
193 3139 259 3188 learu
271 3139 333 3188 from
345 3141 454 3188 thecuat
467 3139 571 3199 Chapter
585 3139 636 3186 that
646 3137 693 3186 this
704 3109 803 3186 Me
816 3137 914 3188 Flumen
930 3139 1014 3196 Quiri.

73 3208 142 3255 uelis
220 3203 230 3231 ¹
248 3209 300 3258 The
316 3217 410 3288 qustum
421 3208 450 3256 of
462 3205 601 3284 neglecting
617 3205 665 3254 odd
682 3209 796 3282 numbers
812 3205 837 3254 iu
855 3207 1015 3288 impassioned

74 3273 1014 3402 messum²¹⁰1¹ursini?{tutelensiumts

74 3414 106 3472 by
124 3411 203 3460 which
221 3412 260 3460 the
273 3411 350 3460 Gauls
367 3426 429 3458 were
445 3409 615 3472 approachiog,
632 3408 681 3458 end
697 3425 729 3456 on
746 3411 786 3458 the
805 3408 862 3456 road
881 3417 906 3455 to
928 3411 1013 3458 Caere.

72 3479 81 3506 ⁴
98 3483 246 3542 Deploratis,
262 3477 351 3540 having
366 3481 427 3526 been
445 3475 572 3537 lamentsd‚
590 3493 616 3526 as
632 3477 670 3526 lor
680 3492 735 3526 ever
751 3476 805 3532 lust,
821 3485 907 3526 aterrn
918 3475 1015 3528 derived

73 3545 137 3595 lrom
149 3545 318 3595 lamentatione
329 3555 354 3592 at
363 3545 476 3593 funerals.
