2232 3862
468 203 590 268 arnna
611 75 721 267 &Q
759 74 793 227 l
982 210 1021 266 aa

790 311 801 342 i.

60 365 143 422 curib
157 367 275 436 sedens,
290 369 391 427 Patres
404 367 433 426 in
446 367 548 426 curiam
563 385 612 444 per
622 385 785 444 praeconem
799 368 834 428 od
847 387 940 445 regem
952 369 1022 429 Ter:

59 447 202 518 quinium
217 447 297 506 citari
305 447 399 526 jussit.
442 447 602 506 Convenere
616 447 763 522 extemplo,
781 447 828 505 alii
835 447 893 524 jam
908 451 971 508 ante
984 453 1021 510 ad

60 521 122 583 boc
135 528 308 604 praeparati,
322 528 370 585 alii
383 537 469 594 motu,
481 545 517 584 ne
529 545 584 582 non
594 525 701 582 venisse
711 526 800 582 fraudi
809 537 890 597 esset,
899 529 1021 588 novitate

62 623 99 660 ac
114 606 259 664 miraculo
272 607 391 672 attoniti,
406 604 501 681 etjam
515 605 550 662 de
566 603 662 662 Servio
675 615 767 662 actum
787 605 848 663 rati.
887 606 931 664 Ibi
952 607 1021 668 Tar-

64 683 200 757 quinius,
211 685 358 744 maledicta
366 687 401 744 ab
410 685 495 760 stirpe
503 683 616 741 ultimb¹
626 702 719 750 orsum
735 691 742 718 ‘
753 683 877 754 Servum,
888 688 1020 764 servique

65 770 74 798 ‘
89 775 210 832 natum,
223 777 287 842 post
301 777 417 823 mortem
431 763 569 838 indignam
584 762 705 839 parentis
718 762 771 830 sui,
785 782 839 820 non
853 761 1019 843 interregno,

66 849 75 876 ‘
89 855 128 900 ut
139 855 238 912 antea,
253 844 330 912 inito,
344 863 400 902 non
413 842 532 901 comitiis
544 841 652 907 habitin,
667 861 722 898 non
736 861 786 918 per
798 842 957 920 suffragium
971 865 1020 924 po·

67 928 76 954 ‘
90 922 169 998 puli,
189 943 247 980 non
261 923 417 981 auctoribus
431 923 567 989 Patribus,
584 920 711 980 muliebri
725 922 798 978 dono
811 941 925 998 regnum
940 943 1021 983 occu·

70 1007 79 1035 ‘
93 1002 193 1077 passe.
235 1003 279 1059 lta
291 1013 396 1070 natum,
416 1002 455 1060 ita
467 1011 589 1058 creatum
603 1019 705 1076 regem,
725 1001 860 1058 fautorem
875 1002 961 1060 infimi
974 1023 1021 1080 ge·

73 1085 81 1114 ‘
95 1081 175 1138 neris
189 1079 343 1150 bominum,
357 1101 392 1138 ex
402 1101 457 1156 qno
466 1080 525 1156 ipse
536 1080 580 1147 sit,
595 1079 659 1137 odio
669 1079 773 1137 alienae
784 1079 934 1138 honestatis
944 1101 1021 1158 erep-

1 1192 10 1234 7
75 1165 83 1192 ‘
98 1171 162 1216 tum
177 1159 344 1236 primoribus
357 1179 452 1236 agrum
465 1159 654 1216 sordidissimo
664 1157 763 1233 cuique
773 1159 914 1218 divisisse:
931 1162 1023 1220 omnia

76 1245 85 1272 ‘
100 1257 197 1306 onera,
216 1258 287 1314 quae
300 1239 456 1296 communia
473 1239 611 1313 quondam
628 1238 738 1304 fuerint,
760 1238 904 1296 inclinasse
920 1239 948 1296 in
967 1239 1023 1315 pri-

76 1324 84 1350 ‘
100 1337 196 1376 mores
209 1318 342 1375 civitatis:
363 1318 513 1376 instituisse
527 1336 649 1384 censum,
668 1329 700 1373 nt
716 1316 829 1392 insignis
842 1319 877 1375 ad
892 1318 1022 1378 invidiam

1 1403 2 1406 ’
78 1403 87 1430 ‘
99 1397 314 1474 locupletiorum
324 1397 433 1462 fortuna
444 1409 524 1466 esset,
535 1408 564 1454 et
573 1409 675 1473 parata,
686 1396 769 1466 unde,
780 1397 828 1453 ubi
838 1397 928 1467 vellet,
940 1418 1022 1474 egen·

1 1545 2 1554 ἵ
79 1475 389 1552 ‘tissimislargiretun‘
913 1537 915 1544 ¹

118 1555 261 1612 XLVIII.
282 1555 360 1613 Huic
380 1554 495 1613 orationi
517 1554 628 1612 Servius
644 1574 730 1629 quum
750 1555 949 1624 intervenisset,
968 1568 1022 1614 tre-

78 1634 145 1710 pido
165 1635 269 1692 nuncio
293 1635 436 1701 excitatus,
457 1634 596 1710 extemplo
616 1653 633 1690 a
652 1633 788 1691 vestibulo
808 1634 900 1692 curiae
924 1636 1022 1710 magnis

80 1732 157 1782 roca,
180 1714 278 1778 ‘Quid
293 1713 364 1778 boo‚'
377 1713 475 1790 inquit,
496 1721 504 1748 ‘
519 1712 659 1788 Tarquini,
680 1713 719 1770 rei
738 1713 802 1770 est?
824 1715 879 1788 quia
895 1727 925 1771 tu
939 1715 1023 1772 auda·

80 1801 88 1826 ‘
102 1793 153 1857 cib,
167 1813 213 1850 me
228 1793 298 1860 vivo,
314 1812 411 1850 vocare
425 1813 507 1850 ausus
521 1811 550 1848 os
565 1792 683 1850 Patres?
700 1792 787 1849 autin
802 1793 868 1849 sede
882 1793 1024 1852 considere

1 1887 2 1896 ¹
83 1871 196 1928 ‘metii'
218 1872 313 1936 Quum
333 1872 378 1930 ille
395 1871 523 1929 ferociter
535 1871 569 1928 ad
583 1869 659 1937 baec,
681 1871 741 1929 ‘Se
761 1871 847 1946 patris
866 1873 910 1929 sui
929 1885 1024 1930 tenero

83 1951 208 2017 ‘sedem
229 1951 328 2019 multo,
350 1949 432 2026 quim
452 1969 570 2018 servum,
591 1951 726 2026 potiorem
747 1950 833 2006 filium
854 1951 926 2024 regis
946 1951 1024 2026 regni

84 2029 268 2087 ‘haeredemz
289 2030 356 2087 satis
376 2030 451 2086 illum
472 2030 520 2086 diu
542 2049 591 2106 per
610 2030 747 2088 licentiam
767 2028 923 2084 eludentem
940 2029 1025 2085 insul·

85 2109 176 2166 ‘trisse
196 2109 317 2166 dominis
327 2108 342 2174 ;’
366 2110 468 2166 clamor
486 2110 520 2166 ab
540 2108 684 2184 utriusque
703 2106 855 2164 fautoribus
876 2107 971 2174 oritur,
996 2120 1025 2165 et

84 2207 231 2245 concursus
243 2188 340 2266 populi
354 2189 436 2246 fiebat
449 2188 476 2244 in
491 2187 611 2244 curiam:
628 2187 828 2264 apparebatque
839 2193 1024 2260 regnaturum

85 2268 128 2340 qui
141 2268 262 2325 vicisset·
303 2267 376 2325 Tum
392 2263 567 2342 Tarquinius,
588 2267 751 2324 necessitate
764 2265 822 2342 jam
837 2266 896 2342 ipse
909 2280 1025 2341 cogente

1 2368 2 2371 ¹
85 2346 177 2413 ultima
189 2347 302 2413 audere,
316 2347 404 2403 multo
418 2357 446 2403 et
459 2357 549 2404 aetate
563 2359 591 2403 ot
601 2347 703 2403 viribus
714 2345 836 2412 validior,
851 2345 971 2402 medium
982 2365 1024 2404 ar·-

85 2425 146 2500 ripit
160 2425 306 2493 Servium
325 2425 483 2501 elatumque
503 2445 518 2482 e
536 2425 612 2482 curia
631 2425 660 2482 in
677 2425 831 2482 inferiorem
852 2437 958 2500 partem
976 2445 1025 2501 per

86 2504 181 2574 gradus
195 2503 301 2580 dejicit.
337 2504 455 2562 Indead
469 2505 622 2580 cogendum
638 2503 769 2563 Senatum
784 2505 811 2560 in
826 2504 930 2561 ruriam
944 2505 1026 2561 redit.

87 2581 128 2639 Fit
146 2584 212 2658 fuga
225 2583 298 2658 regis
311 2585 505 2660 apparitorum,
523 2596 606 2658 atque
620 2585 761 2641 comitum.
801 2583 865 2659 lpse
879 2603 964 2659 prope
977 2603 1025 2640 cx·

86 2663 201 2737 sanguis,
216 2681 302 2738 quum
316 2662 470 2720 semianimi
483 2663 559 2738 regio
573 2664 706 2722 comitatu
717 2664 830 2720 domum
841 2682 870 2721 se
881 2664 1025 2738 reciperem

4 2807 10 2816 ι
86 2741 307 2816 pervenissetque
320 2742 355 2798 ad
369 2761 507 2808 summum
524 2741 657 2818 Cyprium
669 2743 769 2808 vicum,
784 2742 873 2806 abiis,
888 2742 935 2816 qni
950 2742 1026 2800 missi

85 2819 117 2874 ab
131 2819 281 2894 Tarquinio
294 2821 445 2893 fugientem
460 2821 600 2878 consecuti
615 2834 700 2890 crant,
715 2821 886 2878 interficitur.
928 2821 1025 2879 Credi-

87 2909 135 2964 tur,
150 2900 215 2974 quia
228 2919 283 2956 non
297 2898 425 2958 abhorret
438 2919 454 2957 a
468 2912 560 2958 cetero
573 2901 684 2966 scelere,
704 2899 865 2958 ‘admonitu
876 2899 983 2957 Tulliae
996 2901 1026 2958 id

87 2977 225 3034 ‘factum'
268 2979 407 3054 Carpento
421 2981 504 3046 certe,
520 2977 563 3054 (id
577 2980 651 3054 qood
666 2980 731 3036 satis
744 2979 877 3054 constat)
894 2981 921 3038 in
936 2980 1024 3036 forum

86 3055 198 3114 invecta.
234 3056 296 3114 Nec
309 3059 426 3115 reverita
439 3069 548 3116 coetum
564 3058 693 3126 virorum,
708 3058 832 3116 evocavit
845 3059 932 3115 virum
948 3079 963 3116 e
978 3079 1025 3117 cu·

86 3135 139 3200 nto
158 3156 308 3212 regemque
328 3137 416 3213 prima
435 3137 592 3214 appellavit.
632 3139 661 3196 A
676 3158 731 3214 quo
749 3137 881 3195 facessere
897 3137 974 3214 jussa
990 3158 1026 3195 ex

86 3225 161 3272 tanto
173 3217 305 3283 tumultu,
323 3237 407 3291 quum
422 3217 578 3274 sodomum
593 3218 735 3292 reciperet,
754 3217 976 3292 pervenissetque
990 3218 1026 3274 ad
1114 3249 1115 3254 κ

88 3311 224 3352 summum
237 3296 372 3372 Cyprium
384 3296 484 3366 vicum,
498 3296 547 3352 ubi
559 3296 708 3354 Dianium²
721 3316 809 3372 nuper
818 3296 887 3363 fuit;
903 3293 1026 3352 flectenti
1114 3309 1115 3342 1

89 3481 92 3486 ·
121 3460 127 3490 ¹
143 3464 179 3508 Ab
191 3465 263 3524 stirpe
275 3465 366 3510 ultimo.
406 3463 478 3510 From
490 3462 527 3508 bis
539 3461 661 3522 dogrrrded
673 3463 760 3524 origin.
869 3455 879 3482 ²
895 3461 1021 3508 Dianium.

92 3526 214 3589 Atemple
226 3539 250 3578 to
265 3529 353 3588 Diana,
366 3545 391 3576 as
402 3530 426 3576 in
443 3529 521 3578 Greek
535 3529 596 3575 stom
610 3537 732 3592 Ηςακλεης,
744 3530 765 3576 is
777 3522 868 3573 formed
882 3528 1007 3587 Ηραιλεῖον.
1020 3551 1024 3556 .
