2262 3858
460 211 585 271 LIBER
605 212 642 270 V.
954 215 1012 272 339

74 373 160 444 atque
179 371 214 428 de
234 390 268 429 eo
281 369 395 447 pavidos
409 371 547 430 Ardeates
560 371 722 430 consultare.
762 368 823 429 Nec
836 390 915 430 secus
930 371 1012 448 quiam

73 449 170 506 divino
190 451 288 526 spiritu
301 463 400 518 metus,
414 469 500 526 quum
513 472 543 509 se
556 451 585 508 in
599 451 717 508 mediam
732 450 891 508 concionem
906 452 1011 510 intulis·

73 542 126 594 set,
141 530 277 587 abstinere
291 543 385 588 suetus
398 532 462 587 ante
475 531 574 588 talibus
587 530 726 595 conciliis;

112 607 223 666 XLIV.
245 617 253 644 ‘
267 608 421 678 Ardeates,’
435 610 533 684 inquit,
555 619 563 646 ⁴
576 623 682 668 veteres
695 608 785 676 amici,
799 610 863 666 novi
877 608 958 668 etiam
973 611 1011 668 ei·

72 691 80 718 ‘
94 707 144 744 ves
164 688 229 756 mei,
244 689 354 764 quando
373 703 402 746 et
415 701 535 746 restrum
549 689 711 747 beneficium
725 688 764 744 ita
777 689 848 754 tulit,
862 701 891 745 et
903 689 1012 748 fortuna

71 763 149 824 ‘boc
168 767 227 842 egit
247 787 316 835 mea,
337 787 420 825 nemo
433 769 554 844 restrium
572 768 735 826 conditionis
749 787 825 825 meae
839 767 953 825 oblitum
967 789 1012 826 me

71 843 149 902 ‘buc
163 847 329 921 processisse
343 860 440 922 putot:
461 849 511 904 sed
524 868 567 906 ree
582 868 614 906 ae
627 847 779 924 periculum
799 866 945 904 commune
965 868 1011 905 eo·

71 929 79 954 ⁴
92 925 144 998 git,
165 927 242 1000 quod
262 927 377 1002 quisque
391 927 477 1002 possit
491 928 520 984 in
533 948 562 984 re
576 927 683 1004 trepida
695 927 832 1002 praesidii,
845 926 874 982 in
888 926 1010 984 medinm

70 1005 228 1062 ‘conferre
269 1005 308 1062 Et
327 1007 436 1081 quando
452 1026 504 1082 ego
524 1007 600 1063 vobis
620 1026 670 1083 pro
693 1007 775 1063 tantis
798 1005 893 1064 vestris
915 1005 944 1062 in
966 1026 1010 1064 me

70 1085 200 1142 ‘meritis
220 1085 334 1160 gratiam
355 1086 479 1152 referam,
500 1086 523 1142 si
542 1105 614 1143 nunc
634 1087 797 1143 cessavero?
818 1097 866 1142 aut
879 1083 926 1140 nbi
946 1103 1012 1142 usus

70 1163 146 1220 ‘erit
166 1164 223 1220 mei
237 1164 322 1231 vobis,
342 1165 366 1220 si
385 1165 502 1222 inbelle
522 1183 577 1222 non
597 1165 703 1222 fuerit?
725 1163 790 1222 Hinc
809 1176 867 1221 arte
881 1164 1011 1240 inpetriri

70 1243 176 1310 ‘steti;
196 1255 234 1310 et,
255 1243 372 1301 invictus
392 1243 473 1311 bello,
494 1244 522 1300 in
542 1261 609 1320 paee
623 1244 657 1301 ab
670 1244 783 1320 ingratis
797 1243 901 1300 civibus
914 1242 1011 1317 pulsus

69 1325 165 1378 ‘sum
208 1322 295 1379 Vobis
314 1336 416 1390 autem,
432 1323 579 1391 Ardeates,
600 1323 709 1380 fortuna
728 1322 820 1380 oblata
839 1335 889 1390 est,
911 1334 940 1378 et
959 1341 1009 1398 pro

69 1401 177 1458 ‘tantis
197 1402 319 1478 pristinis
338 1402 434 1478 populi
449 1403 568 1459 Romani
587 1403 727 1460 beneficiis
738 1403 756 1470 ¹,
771 1413 872 1478 quanta
884 1402 937 1478 ipsi
951 1421 1008 1458 me·

70 1480 223 1549 ‘ministis,
244 1485 312 1556 (use
332 1482 405 1538 enim
429 1483 617 1558 exprobranda
639 1483 713 1558 apud
736 1501 871 1538 memores
895 1480 1008 1556 sunt²,)

69 1564 77 1591 ‘
89 1560 197 1634 gratiae
217 1561 383 1628 referendae,
404 1573 433 1618 et
446 1560 510 1618 huic
524 1561 585 1618 urbi
599 1561 683 1618 decus
696 1561 792 1636 ingens
806 1561 869 1617 belli
882 1580 917 1620 ex
931 1559 1010 1628 hoste

69 1644 76 1670 ‘
90 1641 235 1696 communi
250 1641 382 1716 pariendi.
423 1640 502 1704 Quae
516 1639 604 1698 effuso
614 1640 722 1715 agmine
733 1641 869 1704 adventat,
882 1660 948 1716 gens
957 1653 1008 1707 est,

69 1720 138 1775 ‘cui
158 1732 258 1776 natura
277 1738 391 1796 corpora
413 1721 573 1795 animosque
592 1739 691 1795 magna
710 1719 805 1794 magis,
826 1718 907 1794 quiem
922 1720 1008 1786 firma,

68 1802 75 1828 ‘
89 1799 210 1855 dederit.
252 1797 296 1855 Eo
308 1799 335 1856 in
350 1809 487 1856 certamen
502 1818 582 1856 omne
596 1799 659 1875 plus
673 1799 791 1866 terroris,
805 1799 886 1873 quim
901 1799 1009 1866 virium,

68 1879 195 1934 ‘ferunt
234 1878 409 1954 Argumento
423 1878 459 1934 sit
472 1878 563 1935 clades
577 1879 711 1936 Romana.
752 1878 896 1935 Potentem
910 1897 1008 1952 cepere

67 1957 209 2022 ‘nrbem;
233 1977 268 2014 ex
288 1977 349 2014 arce
369 1956 562 2032 Capitolioque
582 1957 624 2014 bis
644 1957 744 2032 exiguis
762 1957 897 2014 resistitur
916 1976 1008 2013 manu.

66 2035 155 2092 ‘Jam
178 2036 326 2092 obsidionis
346 2037 438 2093 taedio
458 2037 524 2093 victi
543 2037 703 2103 abscedunt,
723 2036 839 2111 vagique
860 2054 910 2111 per
929 2055 1007 2110 agros

66 2115 226 2190 ‘palemon
240 2115 301 2172 cibo
315 2115 434 2190 vinoque
447 2116 545 2190 raptim
560 2114 658 2173 hausto
671 2115 778 2191 repleti.
819 2115 877 2174 Ubi
890 2133 1006 2190 noxep·
1056 2170 1058 2176 ,

66 2199 73 2225 ‘
87 2195 170 2269 petit,
191 2213 277 2270 prope
297 2195 369 2252 rivos
389 2213 530 2269 aquarum,
545 2195 603 2252 sine
617 2197 796 2264 munimento,
811 2195 869 2251 sine
883 2194 1006 2252 stationi·

66 2274 141 2330 ‘bus
163 2293 196 2330 ac
216 2275 355 2341 custodiis,
376 2276 477 2350 passim
497 2275 614 2332 ferarum
634 2275 689 2331 ritu
707 2286 873 2338 sternuntur,
888 2293 960 2331 nunc
974 2275 1008 2330 ab

66 2358 73 2385 ‘
87 2354 220 2410 secundis
233 2353 315 2410 rebus
328 2353 415 2427 magis
428 2353 510 2410 etiam
524 2354 605 2411 solito
619 2354 730 2412 incauti.
771 2353 802 2412 Si
815 2354 891 2410 vobis
905 2355 932 2410 in
949 2354 1007 2410 ani·

65 2437 136 2488 ‘mo
150 2445 203 2500 est,
216 2433 286 2488 tueri
301 2429 409 2489 moenia
422 2442 519 2501 restra,
540 2453 591 2490 nee
610 2433 668 2510 pati
688 2435 755 2492 baec
775 2433 867 2490 omnia
886 2433 1004 2492 Galliam

65 2519 71 2544 ‘
86 2511 158 2579 fieri,
173 2511 261 2586 prima
275 2512 366 2587 vigiliis
379 2512 468 2588 capite
480 2532 556 2570 arma
568 2514 740 2589 frequentes:
761 2532 805 2569 rna
816 2512 961 2588 sequimini
971 2513 1006 2568 ad

64 2600 71 2626 ‘
86 2591 214 2658 caedem,
234 2610 289 2646 non
309 2593 343 2647 arl
364 2611 492 2667 pugnam.
534 2591 595 2648 Nisi
609 2592 736 2650 vinctos³
750 2611 855 2659 somno,
870 2592 945 2649 velut
958 2612 1005 2667 pe·

64 2671 184 2738 ‘cudes,
206 2671 381 2727 trucidandos
402 2671 547 2738 tradidero,
568 2691 622 2728 non
643 2692 740 2729 recuso
759 2672 877 2728 eundem
893 2673 1004 2730 Ardeae

64 2759 182 2806 ‘rerum
197 2769 319 2806 mearum
333 2750 447 2815 exitum,
462 2769 543 2824 quem
559 2751 666 2808 Rornae
680 2750 780 2808 habui!

104 2827 200 2886 XLV.
231 2829 338 2903 Aequis
361 2829 515 2904 iniquisque
534 2849 692 2904 persuasum
716 2842 782 2900 erat,
803 2840 910 2888 tautum
930 2830 1003 2888 bello

63 2909 156 2965 virum
176 2908 313 2964 neminem
328 2928 443 2983 usquam
464 2909 497 2965 eri
516 2921 679 2984 tempestate
699 2929 767 2967 esse.
809 2910 949 2968 Coneione
963 2911 1005 2967 di·

64 2988 159 3052 missa,
183 3007 297 3062 corpora
314 3000 418 3053 curant,
440 2987 547 3054 intenti,
569 2987 651 3063 quim
671 3008 737 3045 mox
756 2990 864 3064 signum
885 2992 1004 3048 daretur.

64 3069 131 3132 Quo
150 3067 225 3133 dato,
245 3067 349 3142 primae
369 3066 478 3124 silentio
498 3067 585 3125 noctis
604 3069 745 3144 adportas
760 3069 876 3127 Camillo
896 3083 1005 3146 praesto

99 3215 105 3243 ¹
127 3215 171 3262 See
184 3213 231 3261 lV.
247 3213 268 3268 9.
285 3213 323 3270 10,
339 3213 376 3260 ll.
451 3209 505 3262 'So
524 3215 637 3272 Terence,

401 3280 465 3329 Nem
481 3281 568 3329 isthaec
586 3285 787 3345 commemoratio,

195 3349 278 3404 euasi
289 3352 430 3412 ecprrobratio
442 3359 478 3396 est
488 3349 635 3398 immemoris
645 3352 762 3400 beneficii.

710 3421 775 3468 And.
791 3421 813 3468 l.
830 3419 850 3477 l,
866 3419 903 3468 16.

67 3486 77 3552 ξ
96 3485 196 3539 Others,
213 3487 293 3532 victos.
335 3487 404 3532 Vinci
420 3499 512 3543 somno,
529 3493 555 3532 to
569 3487 599 3532 be
616 3488 782 3549 overpowered
799 3490 830 3548 by
842 3487 913 3547 sleep,
925 3489 980 3536 with
993 3505 1008 3536 a

68 3552 193 3598 reference
210 3560 235 3596 to
252 3566 266 3596 a
282 3551 362 3597 mcn’s
379 3561 437 3598 state
456 3553 555 3610 before;
573 3557 657 3604 vinciri
673 3570 765 3611 somno,
783 3564 808 3602 to
826 3557 855 3602 be
866 3555 965 3606 tettered
978 3559 1009 3620 by

68 3620 142 3684 sleep.
155 3615 272 3681 referring
283 3627 307 3664 to
319 3618 355 3667 nis
366 3627 425 3668 state
436 3618 524 3683 during
536 3619 607 3681 sleep.
