2230 3846
106 204 161 272 146
492 203 526 266 T.
546 205 648 269 LlVII
667 236 670 244 =

108 375 199 436 titudo
217 387 330 449 poscere
353 370 458 427 Romae
549 389 577 427 m
597 370 687 440 malle,
706 372 789 449 quim
810 374 874 432 alibi
895 376 1061 453 acciperet·

114 454 207 530 Aequi
227 471 244 509 a
262 452 299 515 Q.
315 449 399 508 Fabio
419 449 458 525 (is
528 469 590 508 cum
610 451 732 509 exercito
747 453 873 530 venerat)
888 473 984 531 pacem
1004 475 1058 532 pe·

112 537 189 612 tiere,
203 533 362 604 irritamque
371 547 432 590 eom
437 528 495 605 ipsi
505 530 596 587 subiti
605 531 761 590 incursione
773 533 802 589 in
810 551 907 609 agium
918 533 1057 593 Latinum

110 615 209 673 iecere,
878 617 881 624 ’

251 687 291 746 ΙΙ.
312 689 348 752 Q.
370 685 509 756 Servilius,
530 689 686 766 insequenti
704 693 821 768 annuis
834 693 907 750 enim
921 709 987 752 cum
1005 694 1058 771 Sp.

113 763 169 868 ἓξ
211 769 358 828 Postumio
376 769 472 825 consul
493 768 562 844 fuit)
582 769 611 826 iu
633 771 748 846 Aequos
769 772 875 839 missas,
901 773 930 830 in
950 772 1060 832 Latino

165 851 172 866 ·
211 869 278 924 agro
291 847 390 905 stativs
403 845 507 906 habuit
546 847 624 908 Intra
632 851 971 926 castraquiesnecessariu
980 873 1062 911 mor·

111 933 150 990 bo
169 929 335 1006 implicitum
351 928 615 996 exercitnmtenuit.
655 929 818 988 Extinctum
835 932 992 989 intertium
1006 951 1062 991 an·

211 1027 277 1066 num
298 1007 400 1064 bellum
421 1021 472 1074 eat,
486 1007 523 1072 Q.
538 1006 624 1065 Fabio
643 1021 672 1065 et
685 1009 719 1065 T.
734 1009 866 1072 Quinctio
886 1013 1061 1070 consulibus.

112 1074 173 1178 {33
212 1089 297 1147 Fabio
307 1099 386 1146 extra
399 1087 523 1144 ordinem
532 1089 557 1155 ²,
566 1088 632 1163 quia
644 1087 668 1144 is
678 1087 871 1165 victorpacem
887 1091 1060 1166 Aequisde·

164 1161 171 1175 ’
211 1171 297 1236 derat,
307 1166 488 1244 eaprouincia
497 1165 569 1224 dato.
597 1166 662 1233 Qui,
671 1165 745 1224 haud
756 1168 895 1245 dubiispe
903 1171 1060 1246 proiectus,

109 1255 210 1310 famam
223 1248 342 1307 nominis
358 1246 402 1303 sui
418 1259 575 1322 pacaturam
592 1249 714 1322 Aequus,
734 1247 838 1322 legatos
857 1249 886 1306 in
906 1251 1060 1308 concilium

112 1333 202 1408 gentis
211 1330 309 1386 missos
317 1327 447 1384 nunciare
454 1325 553 1404 jussit;
573 1325 626 1390 ‘Q.
638 1325 752 1383 Fabium
761 1327 901 1386 consulem
911 1329 1015 1399 dicere,
1025 1349 1061 1386 se

113 1421 170 1468 ‘ex
185 1407 292 1484 Aequis
300 1425 396 1483 pacem
411 1406 530 1462 Romam
550 1405 654 1471 tulisse,
674 1407 708 1462 ab
722 1405 814 1463 Romi
828 1408 936 1484 Aequie
949 1408 1060 1468 bellum

113 1501 121 1526 ‘
135 1487 231 1548 afferre
242 1485 339 1544 eidem
353 1485 451 1542 dextri
459 1484 572 1550 armati,
582 1503 664 1560 quam
672 1497 796 1560 pacatam
810 1485 862 1543 illis
876 1501 958 1546 autea
970 1489 1059 1546 dede·

114 1579 121 1606 ⁶
135 1583 178 1627 rat
187 1567 208 1623 ³.
247 1566 373 1629 Quorum
385 1563 414 1620 id
426 1563 542 1640 perfidiis
553 1576 583 1620 et
596 1563 715 1640 perjurio
728 1563 784 1631 liat,
796 1561 874 1622 Deos
886 1583 961 1624 nnnc
970 1579 1061 1625 testeo

114 1659 121 1685 ‘
136 1665 204 1714 esse,
216 1663 281 1702 mox
291 1645 348 1701 fore
359 1642 470 1700 ultores.
512 1641 661 1709 Solamen,
672 1655 812 1718 utcunque
826 1644 961 1711 nicetium
971 1665 1061 1712 nuuc,

116 1738 123 1763 ‘
137 1725 279 1805 poenitere
287 1723 339 1780 sud
351 1734 450 1798 sponte
464 1721 588 1796 Aequos,
599 1721 683 1797 quim
692 1723 751 1798 pati
761 1722 880 1790 hostilio,
892 1725 982 1782 malle.
1026 1726 1061 1782 Su

117 1805 288 1884 ‘poeniteat
308 1814 400 1860 tutam
421 1813 564 1875 receptum
583 1803 619 1858 ad
636 1815 778 1878 expertam
792 1803 965 1860 clementiam
978 1804 1059 1861 iore:

117 1895 124 1922 ‘
139 1885 181 1942 sin
194 1881 314 1960 perjurio
327 1880 474 1956 gaudeant,
483 1879 548 1937 Diis
561 1881 649 1955 magis
662 1881 746 1949 iratis,
756 1880 838 1956 quim
849 1881 983 1952 hostibus,
994 1903 1060 1960 ges·

117 1975 124 2000 ‘
138 1979 215 2022 turos
224 1959 345 2019 beilum!
386 1959 468 2016 Haec
482 1959 556 2017 dicta
568 1956 637 2016 oded
646 1959 713 2018 nihil
723 1973 869 2018 moverunt
879 1980 1059 2037 quemquam,

117 2059 149 2102 ut
162 2041 244 2120 legati
258 2059 344 2118 prope
358 2039 451 2096 violati
465 2039 527 2105 sint,
538 2040 731 2115 exercitusque
740 2040 768 2096 in
780 2041 914 2116 Algidum
923 2041 1059 2099 adversus

118 2125 260 2183 Romanos
280 2121 388 2176 missus
428 2119 508 2182 Quas
528 2118 575 2174 ubi
597 2117 715 2175 Romam
734 2132 799 2176 sunt
812 2120 950 2186 nunciata,
963 2120 1058 2198 indig·

118 2203 190 2261 nitas
203 2200 252 2266 rei,
272 2199 359 2274 magis
373 2198 455 2274 quiam
468 2197 632 2274 periculum,
652 2199 792 2256 consulem
807 2199 922 2256 alterum
937 2201 973 2256 ab
988 2201 1059 2258 urire

119 2281 228 2338 excivit.
258 2276 834 2336 ltaduoconrnlaresexercitusadhostem
846 2297 988 2336 accessero
998 2280 1060 2336 scio

121 2359 261 2422 instincti,
282 2371 315 2414 ut
334 2355 478 2414 confestim
499 2357 669 2414 dimicarent.
710 2357 766 2414 Sed
786 2377 870 2432 quum
891 2359 962 2415 sorte
984 2357 1060 2416 haud

120 2440 239 2497 multum
254 2436 310 2492 diei
323 2449 485 2511 superesset,
499 2453 571 2492 uitus
584 2435 619 2492 ab
632 2435 750 2492 statione
763 2435 884 2499 hostium
904 2437 1059 2495 exclamat:

121 2528 128 2554 ‘
144 2530 281 2576 ostentare
294 2514 347 2572 hoc
361 2528 411 2581 est,
427 2514 555 2581 Romani,
570 2533 625 2571 nou
638 2533 733 2590 gerere
747 2516 857 2573 bellum.
896 2515 931 2572 iu
945 2531 1059 2574 noctem

121 2609 128 2634 ¹
143 2597 331 2654 imminentem
341 2594 428 2652 aciem
440 2593 582 2651 instruitis.
605 2591 747 2670 Longiore
755 2595 857 2652 lucead
869 2595 897 2652 id
908 2607 1059 2664 commen,

121 2687 129 2713 ⁶
144 2677 218 2754 quod
231 2677 324 2740 instat,
336 2673 417 2730 nobis
426 2691 495 2748 opus
505 2687 556 2731 est
597 2673 725 2731 Crastino
735 2675 780 2732 die
788 2675 893 2731 oriente
902 2675 962 2732 sole
970 2676 1059 2733 redite

121 2765 129 2793 ‘
143 2759 171 2814 in
185 2756 288 2821 aciem}
309 2754 360 2810 erit
370 2753 450 2829 copia
458 2753 607 2830 pugnandi,
623 2771 659 2810 nc
672 2753 784 2811 timete!
825 2753 881 2810 His
894 2755 1011 2812 vocibus
1024 2755 1059 2810 ir·

121 2835 219 2894 citatus
236 2833 317 2892 miles
336 2833 365 2889 in
378 2831 452 2888 diem
473 2846 615 2908 posterum
633 2832 664 2889 in
681 2846 769 2889 eastra
781 2833 931 2901 reducitur,
946 2834 1057 2909 longam

121 2916 214 2973 venire
234 2925 344 2971 noctem
365 2925 450 2975 ratus,
471 2930 541 2986 quac
554 2929 660 2968 moram
674 2913 818 2969 certamini
829 2913 941 2970 taceret.
984 2911 1057 2970 'ium

120 2995 231 3071 quidem
253 3009 366 3066 corpora
384 2991 447 3048 cibo
466 3009 617 3066 somnoque
632 3004 737 3048 curant.
782 2991 835 3051 Ubi
847 2991 938 3049 illuxit
948 3005 1058 3069 postero

122 3075 176 3142 die,
196 3073 271 3150 prior
290 3071 429 3145 aliquanto
445 3071 567 3128 constitit
581 3070 709 3128 Romana
719 3071 811 3136 eciem
829 3071 942 3128 tandem
954 3084 987 3129 st
1002 3075 1058 3130 Ac·

152 3220 324 3277 welanao.
361 3215 413 3265 rue
429 3213 562 3264 remainder
578 3217 699 3277 preferred
716 3216 866 3280 clamuuring
882 3227 907 3264 ut
926 3217 1009 3266 Rome
1025 3217 1059 3264 for
1098 3269 1099 3274 ,

118 3288 217 3352 ground
228 3297 253 3334 to
264 3285 384 3347 receiving
395 3285 414 3330 it
424 3283 558 3332 elsewhere.
706 3285 715 3312 ²
734 3286 863 3333 Provinces
874 3299 937 3332 were
948 3281 1058 3346 ossffiued
1098 3289 1099 3321 l

121 3355 217 3418 usually
228 3357 260 3416 by
272 3353 314 3409 lot,
332 3352 369 3414 (ii.
384 3350 424 3404 to,
441 3351 519 3398 where
534 3349 657 3412 provincia
670 3351 693 3396 is
712 3351 918 3410 eminentiorum,
936 3351 1059 3412 provincia

121 3425 219 3484 eveum)
236 3419 284 3469 and
295 3421 371 3473 vollen,
389 3417 428 3464 for
439 3433 485 3479 any
495 3415 727 3478 partholomaeus,
739 3421 795 3483 ὼε]
805 3435 869 3467 were
879 3419 950 3483 given
963 3417 1059 3482 design.

123 3491 187 3553 edly,
199 3493 254 3550 they
266 3502 328 3535 were
339 3485 397 3542 said,
409 3496 473 3533 cetra
484 3491 589 3536 ordinem
601 3489 660 3534 dori.
730 3487 870 3537 'Dederat
905 3487 1058 3536 llsrheseu-
1097 3501 1098 3557 p

121 3567 189 3606 tence
201 3559 221 3604 is
231 3555 340 3611 indirect,
354 3557 404 3618 (see
416 3569 440 3614 p.
457 3553 511 3610 106,
524 3563 580 3601 noto
588 3553 630 3615 d,)
641 3552 697 3600 read
709 3558 803 3604 dedan.
