2230 3846
440 251 563 310 LIBER
583 250 638 310 11⁸1.
955 255 1011 314 155

79 409 246 472 ‘diosumme
260 407 416 486 ipsi'prope
428 411 557 478 atmcies,
571 409 653 486 qaum
664 411 779 486 regium,
793 431 862 470 esse.
897 413 1009 491 Quippe
1067 477 1072 486 ‚

76 490 158 545 ‘duos
172 509 223 565 pro
237 509 294 545 uno
308 490 421 547 domino
434 503 569 566 acceptos,
591 491 779 558 immoderate,
799 491 906 550 infiniti
918 507 1011 570 potes·

77 575 159 624 ‘uum
181 569 239 643 qui,
259 569 345 626 wluti
365 583 448 644 atque
466 570 591 628 effrenati
612 571 672 646 ipsi,
693 589 789 628 omnes
806 585 898 629 metue
915 573 1010 648 legum

76 649 236 722 ‘omniaque
250 648 386 724 supplicia
399 661 535 707 verterent
552 649 580 706 ia
599 649 717 725 plebem.
755 650 836 714 erae
849 671 884 708 ne
897 665 1010 710 aeterna

75 729 140 784 ‘illis
152 728 269 785 licentia
282 729 327 794 sit,
349 729 437 804 legem
458 749 488 786 ae
508 729 754 805 pmmrrlgetruum,
774 743 807 786 ιιι
823 731 944 806 quinque
956 732 1009 788 viri

74 813 217 864 ‘creentur
225 807 334 882 legibue
347 809 382 865 de
395 808 511 884 imperio
525 809 659 866 corraulari
668 809 828 866 scribendis.
862 810 945 874 Quod
958 831 1009 886 po·

73 887 169 962 ‘pulos
180 886 211 942 in
223 907 258 943 se
266 885 315 961 joa
326 887 442 956 dederit,
462 908 498 944 eo
510 887 650 946 consulem
665 907 797 946 usurum:
817 908 875 946 nou
889 890 962 965 ipsos
975 890 1009 946 li·

74 967 210 1022 ‘bidinem
231 985 267 1024 ac
284 967 423 1024 licentiam
440 987 518 1024 suam
533 967 657 1043 prolege
669 966 828 1026 habituroa'
869 968 933 1032 Qua
945 989 1009 1046 pro-

73 1045 188 1121 mulgati
208 1046 281 1122 lege,
299 1066 383 1122 quum
397 1047 528 1104 timerent
543 1047 647 1111 Patres,
661 1066 705 1114 uc,
719 1047 877 1104 absentibus
891 1049 1009 1106 consoli·

73 1127 123 1191 bas,
132 1125 239 1201 jugan
252 1129 416 1201 acciperent,
431 1140 542 1183 senatus
555 1146 572 1184 ιι
585 1127 724 1202 praelecto
736 1125 812 1184 urbis
821 1127 858 1190 Q.
866 1125 952 1184 Fabio
960 1147 1008 1184 vo·

12 1197 13 1214 ¹
72 1218 160 1261 eatur:
179 1205 235 1279 qui
253 1206 323 1264 adei»
337 1205 468 1263 atrociter
486 1199 523 1262 ἰιι
535 1206 706 1281 rogationem
725 1206 896 1281 latoremque
916 1207 1008 1282 ipsum

12 1347 13 1364 ,
72 1297 107 1342 eut
118 1285 259 1350 invectas,
280 1296 312 1341 ut
325 1284 402 1351 nibil,
422 1286 541 1342 eiambo
555 1285 681 1342 consules
692 1285 787 1342 infesti
800 1286 1010 1344 circumstarent

72 1365 217 1429 tribianum,
240 1364 367 1422 relictum
386 1365 521 1422 minarum
535 1377 617 1440 etque
630 1365 741 1422 terroris
754 1364 806 1422 sit:
826 1376 836 1400 ⁴
849 1365 1009 1422 insidiatum

73 1453 160 1512 1οιιιιι,
173 1456 205 1500 et
216 1456 345 1520 tempore
358 1458 439 1520 capto
452 1446 579 1502 adortum
590 1443 798 1520 rempublicam.
840 1445 961 1520 siquem
972 1446 1009 1502 ei·

72 1525 180 1580 ‘uilem
196 1523 259 1600 ejus
272 1524 363 1598 priore
376 1543 457 1591 auno,
471 1525 544 1580 inter
557 1523 682 1581 morbum
697 1523 862 1600 bellumque,
882 1526 945 1582 irati
959 1525 1010 1582 Dii

12 1651 13 1658 ,
73 1605 230 1660 ἰιίιιιιιιιιιιι
253 1604 401 1671 dedissent,
422 1622 477 1660 non
496 1603 620 1679 potuisse
640 1603 699 1660 sisti
709 1613 725 1660 ¹.
765 1601 888 1661 Meamne
901 1605 1009 1662 duobus

73 1683 258 1748 ‘oonsulibmc
275 1681 386 1758 jacente
402 1683 484 1758 aegri
497 1683 606 1740 civitate
620 1682 649 1739 in
662 1682 815 1741 colluvione
829 1684 952 1740 omnium
966 1704 1011 1740 re·

72 1774 156 1830 ‘rum‚
171 1764 208 1820 ad
223 1761 378 1819 tollendum
393 1783 408 1819 e
421 1762 561 1838 republicd
574 1763 717 1819 consulare
730 1763 877 1839 imperium
889 1763 1009 1820 laturum

71 1843 160 1919 ‘leges
182 1842 287 1908 fnisse3
308 1843 407 1899 ducem
430 1842 537 1899 Volscis
559 1842 720 1918 Aeqnieque
741 1844 776 1898 ad
797 1843 1010 1918 oppugnandam

72 1928 183 1982 ‘urbem
208 1924 345 1980 [comum.
386 1921 462 1985 Quid
489 1922 622 1978 tandein?
650 1922 763 1977 illinon
785 1921 877 1988 licere,
899 1921 921 1978 si
944 1921 1011 1995 quid

71 2005 215 2061 ‘consules
229 2003 348 2079 superbe
361 2001 390 2058 in
401 2001 521 2076 aliquem
535 2001 636 2057 civium
655 2011 703 2056 aut
721 1999 867 2056 crudeliter
887 2000 1011 2067 iecerint,

72 2085 158 2141 ‘diem
182 2081 301 2140 dicere?
325 2101 452 2138 accusare
473 2081 514 2136 hia
532 2080 598 2155 ipsis
614 2078 763 2155 judicibus,
782 2097 898 2153 quonum
917 2079 946 2134 in
962 2079 1011 2134 eli-

71 2173 169 2238 ‘quem
190 2161 328 2218 saevitum
350 2161 409 2217 sit?
440 2159 503 2216 Non
524 2159 591 2214 illud
613 2158 754 2215 consulere
778 2157 933 2233 imperinm,
961 2159 1011 2215 sed

72 2241 265 2300 ‘tribuniciam
293 2252 456 2314 potestatem
484 2239 598 2295 invisam
626 2237 878 2312 intolerandamque
904 2238 1010 2295 lacere:

71 2330 170 2398 ‘qnam
196 2332 324 2397 pacatam
351 2318 607 2394 reconciliatamque
633 2316 762 2378 Patribus
788 2317 823 2374 de
849 2317 956 2392 integro
983 2317 1012 2374 in

72 2403 202 2476 ‘antiqua
215 2399 305 2474 redigi
326 2399 405 2455 mela.
446 2398 544 2472 Neque
564 2397 643 2454 illum
663 2417 693 2454 ee
714 2396 862 2473 deprecari,
883 2394 939 2472 qud
960 2397 1011 2454 mi-

71 2484 138 2537 ‘nira
151 2493 261 2556 pergat,
276 2489 315 2534 ut
330 2477 461 2553 coeperit.
503 2477 561 2532 Vos
571 2475 600 2543 ξ’
615 2477 703 2551 inquit
716 2475 827 2543 Fabius,
842 2487 849 2510 ‘
863 2477 949 2534 ceteri
962 2477 1011 2534 tri-

72 2559 163 2626 ‘buni,
184 2577 306 2623 oramus,
326 2571 358 2614 ut
378 2557 497 2632 primum
511 2556 633 2618 omnium
644 2556 782 2630 cogitetis,
797 2569 960 2631 potestatem
975 2556 1013 2611 is·

74 2647 79 2672 ¹
91 2652 143 2696 tum
157 2640 193 2696 ad
208 2637 380 2713 singulorum
389 2637 529 2702 auxilium,
543 2655 597 2690 non
608 2635 642 2691 ad
653 2634 801 2710 perniciem
813 2635 1012 2703 universorum,

74 2727 279 2796 ‘comparatam
300 2737 379 2783 esse3
400 2709 523 2771 tribunos
542 2715 629 2790 plebis
644 2733 692 2770 vos
711 2726 825 2780 creatos,
844 2735 897 2770 non
918 2713 1012 2771 hostes

74 2799 229 2856 ‘Patribus
272 2795 359 2852 Nobis
381 2796 519 2861 miserum,
539 2795 705 2850 invidiosum
721 2793 797 2850 vobis
811 2808 860 2860 est,
876 2795 1012 2852 desertum

75 2877 288 2954 ‘rempublicam
310 2875 411 2932 invadi.
453 2873 517 2930 Non
532 2871 579 2950 jus
592 2886 722 2938 vestrum,
743 2873 792 2929 sed
805 2873 946 2942 invidiam,
961 2874 1012 2930 mi·

75 2957 215 3014 ‘nueritis
259 2955 343 3030 Agite
357 2973 420 3011 cum
433 2953 547 3028 collegit,
562 2965 664 3010 utrem
679 2953 811 3026 integram
827 2953 853 3008 in
862 2954 1013 3011 adventum

75 3036 236 3093 ‘consulum
251 3033 368 3090 differet.
410 3032 454 3089 Ne
471 3032 563 3106 Aequi
576 3033 686 3107 quidem
701 3051 734 3088 ac
747 3031 846 3094 Volsci,
856 3035 954 3089 morbo
964 3033 1013 3090 ab·

75 3117 209 3191 ‘sumptis
230 3115 321 3190 priore
339 3133 410 3170 anno
431 3112 595 3176 consulibus,
617 3111 721 3168 crudeli
741 3113 913 3186 superboque
933 3113 1013 3168 nobis

75 3201 80 3225 ‘
94 3195 161 3252 bello
175 3195 301 3250 institere
312 3191 341 3247 ³.’
385 3198 480 3268 Agunt
494 3211 556 3248 cum
572 3189 722 3248 Terentillo
736 3191 853 3247 tribuni:
875 3192 1013 3265 dilatique

74 3275 117 3330 ‘in
132 3275 255 3350 speciem
270 3274 386 3340 actione,
401 3293 430 3330 re
444 3271 503 3348 iperi
523 3271 629 3327 sublati
639 3269 661 3338 ⁴,
679 3270 804 3326 consules
818 3269 958 3345 externplo
968 3289 1014 3326 ‚ar-

73 3355 193 3412 ‘ceseiti
469 3403 475 3413 ,

157 3449 242 3499 Νι
262 3431 471 3490 '‘ild-umidam&
487 3449 574 3490 ,ιμἰι
595 3476 597 3484 ,
624 3431 678 3478 qs„
703 3457 707 3470 ι
971 3487 977 3497 ι

105 3497 390 3560 ¹seep.10,l,noret
494 3495 567 3542 'See
578 3503 601 3552 p:
621 3494 657 3550 16,
669 3503 725 3540 nete
741 3491 760 3538 1.
864 3485 1013 3550 ³Allud1ng

74 3579 96 3614 to
107 3571 147 3616 the
159 3565 319 3628 proceedings
330 3566 359 3612 ol
367 3567 406 3611 the
421 3565 499 3626 Aequi
511 3561 558 3608 end
572 3561 664 3614 Volsci,
678 3556 786 3606 narrated
798 3556 823 3600 in
833 3553 872 3598 the
882 3551 922 3627 ith
935 3553 1014 3613 Chap-

74 3645 114 3681 ter.
195 3637 204 3664 ⁴
222 3633 360 3697 Dilutdqae,
373 3635 417 3679 dcc.
431 3630 478 3678 and
490 3631 530 3676 the
542 3626 692 3688 prosecution
706 3623 734 3668 os
742 3624 781 3667 the
790 3619 833 3665 bill
845 3620 932 3680 having
943 3621 1013 3674 been,

79 3701 103 3748 in
113 3716 269 3762 appearance,
281 3699 421 3765 adjourned,
434 3699 485 3754 but,
503 3698 530 3744 in
540 3693 632 3753 reality,
650 3685 800 3750 suppressed.
837 3683 924 3732 Duker
935 3685 1016 3732 thinks
