2224 3862
123 251 183 306 elo
504 245 538 302 Τ.
558 245 658 304 Lll'll

125 407 205 474 citus,
220 403 319 462 veteris
339 414 541 480 perpetuaeque
561 406 675 462 alterum
697 405 797 480 gloriae
806 404 823 473 ¹,
843 405 954 462 alterum
968 413 1047 486 nuper

125 487 196 542 noris
210 483 322 540 victoriis
341 484 452 540 elatum.
493 483 617 540 Consilio
633 485 715 541 etiam
732 485 824 542 Sabini
838 487 908 542 vires
921 486 1044 561 adjuvere.

125 564 200 622 Nam
214 582 299 638 quum
310 563 471 637 aequassent
479 563 564 619 aciem
576 563 596 630 ἲ,
606 563 661 618 dun
669 577 746 619 extra
756 565 878 620 ordinem
889 564 977 632 millia,
987 587 1048 640 qnae

124 645 153 700 in
173 643 311 700 sinistrum
326 662 411 698 cornu
429 641 616 698 Romanorum
631 643 658 698 in
673 643 732 716 ipso
745 643 892 700 certamine
906 645 1050 720 impressior

124 741 187 780 nem
202 723 330 787 facerent,
345 732 466 778 tenuere.
507 721 586 783 Quae
600 721 657 786 ubi,
672 722 752 777 illatis
761 741 796 778 ex
804 731 956 778 transverso
965 723 1047 798 signis,

125 801 308 876 degravabant
320 819 405 875 prope
419 799 634 856 circumventum
649 820 750 865 comn;
770 801 876 874 equites
890 803 1001 858 duarum
1014 803 1047 858 le·

125 882 236 956 gionum
258 881 381 936 sexcenti
400 879 456 935 fere
476 899 511 934 ex
531 879 608 952 equis
625 879 761 946 desiliunt,
776 880 989 955 cedentibusque
997 880 1046 956 jam

125 961 181 1016 suis
195 959 337 1034 provolant
350 958 378 1014 in
391 957 525 1032 primum;
546 958 682 1033 simulque
695 969 724 1014 et
738 957 809 1016 hosti
820 979 849 1015 ee
860 974 1006 1034 opponunt,
1014 973 1045 1027 et,

124 1052 240 1113 aequato
255 1037 372 1114 primum
386 1037 516 1112 periculo,
531 1039 635 1111 pudore
649 1038 749 1094 deinde
763 1039 867 1094 animos
879 1039 1000 1113 peditum
1009 1058 1045 1096 ac·

124 1119 253 1176 cendunt.
295 1116 483 1172 Verecundiae
504 1128 569 1180 crat,
591 1117 711 1191 equitem
726 1137 777 1172 suo
790 1117 935 1192 alienoque
949 1118 1044 1174 marte³

123 1217 262 1274 pugnaret
283 1195 403 1269 peditem
418 1215 453 1252 ne
467 1195 501 1252 ad
515 1196 599 1270 pedes
607 1196 718 1269 quidem
729 1195 857 1270 degresso
867 1196 954 1270 equiti
964 1216 1045 1272 paren

123 1297 191 1334 esee.

163 1353 273 1410 LX111.
295 1351 408 1410 Vadunt
421 1354 504 1428 igitur
517 1353 544 1409 in
556 1352 688 1428 proelium
704 1352 738 1410 ab
752 1353 802 1412 sui
815 1365 893 1430 parte
908 1354 1044 1414 omissum:

123 1445 152 1491 et
171 1434 272 1498 locu'm,
294 1454 328 1489 ex
342 1452 397 1507 quo
411 1446 556 1499 cesserant,
573 1445 718 1506 repetunt:
740 1445 936 1506 momentoque
947 1453 999 1490 non
1011 1453 1045 1489 re-

123 1513 220 1570 stituta
243 1509 326 1568 modi>
347 1531 448 1587 pugna,
475 1512 523 1568 red
549 1511 696 1568 inclinatur
718 1513 800 1569 etiam
825 1511 935 1570 Sabinis
962 1533 1044 1570 cornu.

123 1592 218 1666 Eques
244 1591 316 1648 inter
339 1591 447 1646 ordines
468 1589 591 1666 peditum
616 1603 705 1648 tectus
728 1611 758 1647 se
781 1593 817 1648 ad
838 1611 925 1666 equos
951 1592 1043 1667 recipit.

124 1670 287 1727 Transvolat
306 1671 370 1726 inde
391 1670 418 1724 in
439 1681 543 1745 partem
564 1669 686 1737 alteram,
702 1670 764 1726 suis
778 1670 909 1728 victoriae
926 1671 1044 1736 nuncius;
1086 1683 1087 1690 ’

122 1750 202 1806 simul
219 1761 247 1806 et
265 1750 292 1805 in
313 1748 405 1805 hostes
418 1747 475 1824 jam
490 1748 611 1822 pavidos,
626 1749 727 1824 quippe
740 1750 801 1806 fuso
815 1770 881 1806 suae
893 1751 976 1826 partis
989 1749 1043 1807 vali·

122 1829 198 1886 diore
214 1847 309 1892 cornu,
330 1828 463 1904 impetum
477 1827 550 1884 facit.
591 1826 657 1884 Non
672 1828 787 1884 aliorum
803 1849 836 1886 eo
850 1830 956 1904 proelio
969 1829 1043 1886 virtus

121 1909 207 1983 magis
227 1907 335 1964 enituit.
376 1907 479 1964 Consul
496 1906 638 1981 providere
656 1908 755 1974 omnia,
774 1908 884 1966 laudare
903 1909 993 1976 fortes,
1009 1909 1042 1964 in·

121 2007 241 2064 crepare,
258 1987 348 2045 sicubi
366 1986 474 2060 segnior
491 2005 583 2061 pugna
598 1998 679 2042 esset.
721 1986 854 2061 Castigati
872 1988 984 2044 fortium
997 1999 1042 2044 sta·

119 2068 169 2126 tim
184 2068 303 2124 virorum
325 2085 435 2142 operam
456 2065 590 2130 edebant;
610 2077 772 2140 tantumque
792 2065 842 2122 bos
856 2068 954 2142 pudor,
969 2086 1042 2141 qnan-

118 2157 176 2204 tum
191 2147 258 2203 alios
271 2147 365 2204 lendes
379 2145 542 2200 excitabant.
583 2143 782 2220 Redintegrato
795 2146 923 2211 clamore,
933 2147 1042 2220 undique

119 2245 213 2286 omnes
227 2225 332 2281 connisi
345 2223 452 2280 bostem
466 2235 600 2288 avertunt,
614 2242 666 2278 nec
680 2224 779 2280 deinde
795 2225 923 2282 Romana
936 2225 975 2280 ris
990 2245 1041 2280 sus-

118 2305 198 2362 tineri
215 2304 314 2379 potuit.
355 2302 457 2369 Sabini,
476 2302 529 2358 fusi
549 2302 648 2376 passim
667 2322 716 2377 per
729 2323 816 2378 agros,
831 2317 920 2360 castra
933 2302 1001 2360 hosti
1012 2304 1041 2359 ad

118 2383 245 2458 praedam
266 2383 430 2456 relinquunt.
471 2381 514 2436 Ibi
533 2400 587 2436 non
606 2381 752 2449 sociorum,
771 2383 842 2439 sicut
862 2383 889 2438 in
912 2382 1011 2457 Algido
1021 2379 1040 2448 ⁴,

116 2481 171 2526 res,
185 2462 233 2518 sed
247 2480 310 2516 suas
326 2461 475 2522 Romanus,
489 2459 712 2534 populationibus
725 2481 851 2536 agrorum
866 2462 986 2527 amissas,
1005 2479 1041 2516 re-

118 2539 194 2616 cipit.
235 2538 355 2596 Gemina
368 2537 482 2594 victoriis
502 2538 609 2594 dnobus
626 2540 748 2597 bifariam
768 2541 877 2615 proeliis
894 2540 978 2614 parti,
992 2559 1038 2596 ma·
1086 2607 1087 2612 Ἰ

117 2620 189 2692 ligne
203 2631 313 2675 senatus
327 2619 447 2674 inunum
457 2617 529 2672 diem
538 2618 770 2693 supplicationes⁵
786 2620 929 2676 consulum
940 2618 1040 2676 nomine

117 2697 247 2754 decrevit.
289 2698 411 2773 Populus
431 2695 540 2772 injussu
557 2710 585 2752 et
602 2697 688 2754 altero
704 2699 748 2754 die
762 2697 889 2772 frequens
903 2699 935 2754 iit
948 2697 1039 2772 suppli·
1086 2747 1087 2776 p

117 2788 218 2834 catum.
259 2777 297 2833 Et
310 2776 378 2834 baec
392 2795 459 2850 vaga
472 2775 664 2851 popularisque
678 2777 839 2852 supplicatio
853 2777 952 2834 studiis
965 2795 1038 2852 prope
1086 2805 1087 2816 ἢ

117 2855 276 2913 celebratior
294 2857 353 2912 fuit.
394 2856 537 2920 Consules,
557 2874 591 2912 ex
610 2857 772 2930 composito,
792 2858 889 2912 eodem
911 2856 993 2912 biduo
1010 2855 1038 2910 nd
1086 2917 1087 2932 χ

116 2933 213 2994 urbem
233 2953 381 3004 accessere,
402 2948 582 3008 senatumque
602 2934 629 2990 in
651 2934 785 2992 Martium
803 2955 931 3011 campum
953 2953 1038 2992 evoca·

148 3082 154 3110 ¹
175 3081 262 3148 Strotb¹
265 3082 571 3147 sconjectureofmemoria
561 3079 742 3145 aftergloriae
756 3081 908 3129 isercellent.
948 3077 958 3105 ¹
972 3084 1037 3134 Nam,
1086 3089 1087 3096 ¹

113 3151 156 3198 dec.
197 3137 248 3196 For‘
255 3149 324 3195 when
337 3152 376 3196 the
390 3150 488 3197 Sabines
499 3148 545 3194 had
558 3149 675 3196 extended
688 3150 749 3196 their
760 3150 817 3206 line,
830 3165 856 3195 so
868 3165 894 3196 as
905 3159 930 3195 to
942 3147 1036 3213 equalin

112 3217 195 3280 length
214 3219 265 3266 that
276 3216 305 3262 of
318 3219 358 3266 tbe
373 3219 487 3266 Romans.
565 3217 637 3266 ³Suo
654 3221 776 3280 alienoque
788 3227 870 3272 marte
890 3217 1036 3276 inadepart·
1086 3257 1087 3262 ,

112 3295 179 3340 ment
192 3284 221 3332 of
229 3285 268 3330 the
279 3284 352 3330 battle
364 3283 495 3346 belonging
507 3293 531 3332 to
540 3286 625 3342 others,
638 3299 663 3330 as
671 3285 725 3331 well
735 3302 760 3331 as
770 3285 831 3332 their
840 3300 902 3332 own.
981 3284 988 3311 ⁴
1001 3283 1037 3329 see
1086 3265 1087 3344 l

114 3353 217 3412 Chapter
230 3349 305 3398 LXI
375 3351 384 3378 ⁵
402 3355 434 3400 Su
434 3355 553 3412 pquicutt'o,
565 3353 686 3416 generally
699 3370 713 3399 a
724 3369 806 3400 season
818 3353 847 3398 of
860 3368 945 3414 prayer
956 3350 1036 3398 tobes
1086 3395 1087 3424 p

110 3434 171 3557 ¹qen:
194 3418 308 3470 eitherof
322 3416 489 3478 supplicatim,
508 3435 534 3466 as
550 3421 575 3468 in
594 3421 771 3482 ChapterV‚Il
790 3435 817 3468 or
829 3420 1003 3484 thanksgrvrng
1016 3431 1038 3462 as
1086 3425 1087 3450 t

128 3502 173 3536 ere.
