2230 3846
102 191 161 252 '178
482 189 517 252 Τ.
536 193 636 254 LlVlI

102 361 140 418 to,
158 371 193 410 ne
213 367 262 428 per
281 351 372 409 media
391 369 440 425 sua
453 364 542 412 castra
553 355 631 411 fieret
644 327 761 430 eruptio,
774 370 792 409 a
805 351 1002 411 munientibus
1018 349 1067 411 ad

105 444 258 507 pugnantes
279 431 425 488 introrsum
443 433 523 498 versi,
545 451 656 490 monam
675 446 785 490 noctem
806 432 882 508 operi
904 433 1019 490 dedere
1033 437 1063 498 ’ς

105 522 311 585 pugnatumque
331 529 393 567 cum
414 513 526 568 consule
545 513 581 569 ad
601 513 689 568 lucem
704 523 755 568 est.
795 510 873 569 Luce
886 501 984 587 primia
993 512 1067 587 jam

107 588 302 646 circumvallati
322 591 357 646 ab
376 589 509 647 dictatore
522 603 607 658 erant,
621 603 650 648 et
663 591 709 646 vix
721 591 851 648 adversus
864 609 956 646 unum
971 609 1068 648 exer·

107 668 193 724 citum
207 687 326 744 pugnam
340 667 520 726 sustinebant.
559 669 632 726 Turn
646 669 841 732 aQuinctiano
850 669 997 736 exercitu,
1010 667 1068 744 qui

108 747 252 804 confestim
272 765 290 803 a
308 748 430 822 perlecto
444 767 526 823 opere
539 749 574 804 ad
587 767 663 805 arma
675 748 766 815 rediit,
780 747 920 805 invaditur
934 747 1067 804 vallum.

108 825 168 883 Hic
181 827 299 882 instabat
311 845 383 883 nova
395 845 504 901 pugna:
524 827 571 884 illa
583 826 651 884 nihil
664 827 805 884 remiserat
814 826 889 902 prior
897 827 918 882 ².
964 825 1066 893 Tum,

107 905 220 980 ancipiti
234 905 305 962 malo
317 919 441 979 urgente,
455 924 472 962 a
484 906 589 982 proelio
602 907 636 962 ad
651 925 745 981 preces
756 907 835 971 versi,
848 904 914 962 hinc
929 904 1067 962 dictato-

109 1003 177 1049 ram,
192 984 254 1041 hinc
267 985 406 1041 consulam
421 1003 507 1052 orare,
521 1005 556 1042 ne
564 985 591 1040 in
600 985 742 1043 occidione
751 984 891 1041 victoriam
900 995 1065 1059 ponerent,

108 1075 141 1119 ut
154 1064 271 1119 inermes
284 1082 314 1120 sa
327 1063 391 1120 inde
404 1063 478 1120 abire
491 1064 619 1121 sinerent.
659 1064 707 1120 Ab
717 1063 828 1120 consule
838 1063 872 1120 ad
882 1063 1066 1120 dictatorem

108 1142 148 1199 ire
157 1142 242 1218 jussis
255 1141 432 1216 ignominiam
446 1141 567 1199 inienuus
581 1141 695 1200 addidit.
735 1139 892 1200 Gracchum
908 1141 1067 1198 Cloelium

108 1222 217 1287 ducem,
232 1221 421 1296 principesque
434 1221 511 1288 alios,
525 1222 631 1279 vinctos
644 1221 679 1278 ad
692 1239 722 1276 se
735 1221 835 1278 adduci
844 1220 935 1296 jubet,
948 1221 1068 1296 oppido

110 1299 249 1358 Corbione
259 1299 372 1364 decedi;
392 1307 400 1334 ‘
413 1299 558 1375 Sanguinis
568 1319 597 1357 se
609 1301 771 1374 Aequorum
781 1318 836 1356 non
847 1319 948 1373 egere:
970 1299 1067 1356 licere

110 1379 223 1435 ‘abirez
244 1379 301 1440 sed,
323 1392 355 1434 ut
374 1378 543 1454 exprimatur
561 1380 672 1436 tandem
686 1378 828 1446 confessio,
842 1379 992 1435 subactum
1009 1379 1066 1434 do·

111 1464 118 1490 ⁸
133 1458 283 1530 mitemque
296 1476 357 1514 essa
370 1469 489 1530 gentem,
504 1457 661 1534 subjugum
672 1456 810 1514 abituros)
851 1455 956 1513 Tribus
967 1455 1066 1514 besti·

103 1533 203 1610 jugum
218 1537 257 1600 fit,
272 1534 347 1592 humi
361 1536 422 1592 fixis
436 1536 549 1602 duabus,
565 1555 702 1612 superque
711 1555 757 1592 eas
768 1535 922 1593 transversi
932 1535 994 1592 unt
1009 1536 1066 1593 des

109 1614 201 1689 ligna.
243 1614 300 1672 Sub
313 1613 366 1670 hoc
374 1613 445 1690 jugo
457 1615 574 1672 dictator
588 1617 703 1690 Aequos
716 1615 799 1672 misit.

149 1692 259 1749 XXIX.
280 1693 384 1751 Castris
404 1691 523 1750 hostium
539 1696 658 1770 receptis
666 1693 687 1761 ³,
707 1693 795 1770 plenis
807 1691 930 1749 omnium
946 1712 1061 1760 rerum,

110 1769 215 1846 (nudos
234 1771 307 1829 anim
327 1771 481 1847 amiserat)
497 1773 626 1848 praedam
646 1792 756 1829 omnem
775 1791 826 1828 sno
846 1772 955 1828 tantiam
969 1773 1065 1829 militi

111 1850 203 1908 dedit:
224 1851 393 1908 consularem
414 1851 565 1908 exercitum
580 1852 725 1928 ipsumque
739 1851 877 1908 consulem
892 1850 1060 1928 increpans,

112 1935 122 1964 ⁶
135 1929 265 1998 Carebis,’
279 1931 376 2006 inquit,
392 1939 399 1965 ‘
412 1931 530 2006 praedae
543 1943 630 2008 parte,
644 1931 731 1995 miles,
745 1949 780 1986 ex
793 1928 923 1996 cohorte,
932 1931 979 1986 cui
990 1949 1063 2006 pro·

112 2014 120 2042 ‘
133 2027 169 2084 pc
181 2011 298 2086 praedae
311 2011 395 2067 luisti.
438 2009 476 2066 Et
489 2023 528 2076 tu,
540 2009 574 2067 L.
585 2009 704 2076 Minuci,
714 2008 802 2065 donec
812 2007 985 2066 consularem
995 2009 1062 2066 ani-

112 2094 210 2145 ‘mum
230 2089 344 2165 incipias
363 2088 471 2156 habere,
490 2089 596 2164 legatus
610 2088 652 2144 his
665 2087 816 2163 legionibus
829 2087 967 2163 precaris!
1011 2087 1061 2146 lta

111 2185 141 2223 aa
156 2167 298 2226 Minucius
307 2168 417 2226 abdicat
426 2169 577 2234 consulatu,
586 2167 734 2243 jussusque
744 2167 779 2223 ad
787 2165 938 2223 exercitum
949 2179 1060 2223 manet.

114 2245 169 2302 Sed
196 2247 265 2304 adeo
288 2260 346 2304 tum
367 2247 483 2323 imperio
503 2247 608 2304 meliori
628 2246 734 2303 animus
755 2258 896 2302 mansuete
919 2245 1062 2302 obediens

113 2337 180 2390 arnt,
200 2339 233 2382 ut
251 2325 376 2382 beneficii
390 2327 485 2400 magis,
499 2345 580 2402 qnam
595 2324 768 2400 ignominiae,
782 2323 828 2380 hic
841 2323 979 2382 exercitus
994 2343 1058 2381 me·

112 2419 181 2468 mor,
195 2416 224 2459 et
236 2423 365 2460 coronam
378 2423 488 2461 auream
502 2403 629 2462 dictatori
642 2404 737 2460 libram
750 2400 868 2480 pondo⁴
886 2402 1060 2470 decreverit,

112 2492 141 2537 et
160 2482 376 2556 proficiscentem
397 2501 461 2539 eum
480 2496 626 2558 patronum
643 2481 809 2540 salutaverit.
850 2481 958 2538 Romae
978 2499 996 2538 a
1017 2481 1057 2544 Q.

115 2558 209 2626 Fabio,
222 2561 360 2636 praelecto
373 2562 457 2628 urbis,
471 2576 581 2618 senatus
594 2560 704 2618 habitus
717 2558 930 2636 triumphantem
946 2559 1059 2624 Quinc-

113 2639 193 2705 tium,
208 2659 263 2714 quo
276 2639 403 2697 veniebat
415 2642 532 2714 agmine,
548 2641 642 2697 urbem
657 2639 762 2716 ingredi
771 2639 864 2714 jussit.
904 2637 994 2695 Ducti
1006 2657 1054 2696 an-

114 2729 143 2774 te
163 2737 273 2775 currum
294 2718 413 2776 hostium
431 2719 534 2776 duces:
554 2719 770 2793 militariasigna
783 2717 920 2794 praelata:
941 2731 1056 2775 secutur

114 2797 260 2863 exercitus,
274 2799 375 2873 praedia
388 2809 511 2854 onustus.
552 2797 658 2873 Epulas
672 2798 820 2854 instructae
830 2796 960 2852 dicuntur
969 2796 1057 2852 tunae

115 2887 179 2932 ante
193 2877 315 2933 omnium
329 2877 445 2933 domos:
465 2877 663 2952 epulantesque
676 2896 739 2933 cum
754 2875 874 2932 carmina
894 2873 1053 2950 triumphali

115 2966 145 3012 et
163 2956 320 3013 solennibus
335 2955 415 3031 jocis,
429 2956 633 3013 comissantium
649 2956 739 3020 modo,
754 2972 864 3012 currum
878 2953 967 3011 secuti
980 2967 1052 3010 suot.

117 3033 162 3091 Eo
181 3036 226 3091 die
245 3035 281 3092 L.
295 3034 424 3092 Mamilio
446 3033 603 3092 'l'nsculano
614 3033 636 3100 ⁵,
657 3034 870 3111 approbantibus
884 3033 1001 3100 cunctis,
1015 3033 1051 3090 ci·

116 3113 186 3171 ritas
200 3115 265 3174 data
277 3126 329 3172 est.
369 3113 523 3172 Confestim
537 3134 567 3170 se
581 3113 699 3172 dictator
712 3111 873 3188 magistratu
891 3111 1050 3178 abdicasset,

151 3261 157 3288 ¹
181 3265 291 3314 Vocunm,
303 3261 348 3308 dte.
367 3258 468 3306 enabled
485 3261 525 3308 the
541 3258 663 3306 dictator's
681 3266 750 3320 party
762 3266 788 3303 to
805 3256 871 3303 work
888 3255 1051 3316 uninterrupt·

117 3327 172 3389 edly
184 3327 215 3374 all
227 3327 305 3388 night.
388 3327 398 3355 '
417 3329 474 3383 Hic,
492 3341 523 3372 on
541 3328 580 3372 the
592 3325 642 3371 side
654 3327 731 3370 where
742 3325 781 3370 the
794 3323 916 3370 dictator’s
925 3335 994 3384 ‘artny
1006 3337 1050 3368 war

117 3395 201 3455 posted
211 3415 218 3454 ς
237 3399 277 3443 illu
286 3396 353 3456 prior
359 3409 449 3454 pugno,
467 3395 507 3439 the
518 3392 605 3438 former
616 3391 689 3438 battle
700 3391 756 3436 with
768 3391 809 3437 the
820 3388 913 3438 consul.
984 3389 993 3418 ³
1010 3389 1051 3436 ne

118 3477 142 3519 p.
162 3461 202 3518 74,
220 3472 276 3508 note
293 3461 316 3508 2.
418 3459 427 3487 ⁴
446 3464 559 3508 Coronam
575 3461 701 3506 halaentem
717 3461 801 3506 librum
814 3461 892 3520 prendo
912 3453 1057 3518 (pondera).

117 3529 130 3556 ⁸
147 3529 193 3576 For
205 3531 244 3576 tbe
255 3527 356 3576 services
366 3526 396 3573 of
407 3526 541 3586 Mamilius,
552 3541 591 3573 see
602 3525 734 3590 beginning
745 3525 775 3572 ol'
785 3525 888 3591 Chapter
903 3523 942 3572 la
