2230 3846
446 167 571 228 LIBER
592 167 647 228 111.
962 172 1019 229 lat

92 335 217 403 ‘nemque
231 346 296 385 eam
309 327 370 384 lore
383 327 510 384 abolendi
523 326 574 384 sibi
587 325 771 403 magistratio,
786 326 816 384 ni
829 345 965 386 consensu
977 349 1021 388 re·

89 409 233 473 ‘sisterent
255 407 431 483 imperioque
450 405 616 464 inhibendo¹
636 405 736 464 aeriter
755 406 783 462 in
797 425 899 483 paucos
913 409 1019 484 praefa-

87 485 166 544 ‘roeis
185 486 284 553 animi,
314 500 430 543 conatus
457 485 571 543 aliorum
599 486 828 561 comprimerent!
868 488 1018 563 Postquam

87 565 165 624 auditu
178 585 235 622 vox
251 566 280 621 in
295 565 356 621 foro
369 577 411 621 est
424 565 576 641 praeconis,
592 565 687 622 Patres
700 564 728 621 iu
743 566 845 622 curiam
860 567 894 623 ad
908 568 1017 625 decem·
1047 607 1050 612 ·

86 644 144 701 viros
164 644 311 709 vocantis;
332 645 408 700 velut
426 663 498 702 nova
516 663 568 711 res,
589 644 654 719 quia
673 644 874 702 intermiserant
890 644 949 722 jam
970 647 1019 704 diu

85 743 175 780 norem
198 724 366 781 consulendi
387 723 507 791 senatus,
527 723 716 781 mirabundam
743 723 850 798 plebem
874 725 1017 793 convertit,

84 803 225 878 ‘quidnam
249 803 401 868 incidisset,
422 822 471 860 cur
491 822 526 858 ex
545 815 622 860 tanto
642 802 784 859 intervallo
802 821 861 860 rem
875 804 1018 862 desuetam

83 889 271 958 ‘usurparent
312 881 450 938 Hostibus
463 881 588 958 belloque
596 881 710 958 gratiam
721 879 882 948 habendam,
890 879 1017 956 quddao·
1089 891 1092 902 '

83 961 170 1017 ‘litum
180 961 334 1036 quicquam
344 960 444 1018 liberae
455 961 572 1018 civitatis
582 959 676 1018 fieret'
710 960 1016 1036 circumspectareom·

81 1039 149 1097 nibus
161 1039 217 1096 lori
233 1038 360 1116 partibus
373 1052 535 1107 senatorem,
546 1037 661 1116 rarique
671 1058 786 1115 usquam
797 1041 948 1097 noscitetur
967 1060 1015 1098 eu·

81 1118 138 1176 riam
151 1119 220 1176 inde
235 1139 269 1176 ue
283 1119 459 1176 solitudinem
474 1119 546 1176 circa
559 1119 729 1177 decemviros
749 1119 868 1185 intueri,
887 1137 972 1194 quum
987 1133 1016 1177 et

23 1217 25 1276 j
81 1197 124 1273 ipsi
142 1198 291 1254 ‘invisum
312 1217 447 1256 consensu
466 1197 630 1274 imperium,’
649 1210 678 1256 et
697 1198 783 1273 plebs,
804 1197 891 1273 ‘qnia
903 1197 1017 1274 privatio

81 1276 135 1353 ‘jus
146 1297 205 1333 non
220 1290 297 1334 esset
311 1278 426 1334 vocandi
439 1277 583 1346 senatum,'
596 1297 651 1335 uon
665 1277 811 1335 convenire
825 1278 922 1335 Patres
930 1277 1014 1335 iuter·

80 1368 248 1430 pretarentur
260 1355 290 1423 Ξ;
310 1363 318 1390 ⁴
333 1355 392 1431 jam
406 1368 489 1433 caput
501 1357 561 1413 fieri
574 1357 727 1414 libertatem
741 1356 932 1432 repetentium,
946 1357 970 1413 si
983 1375 1014 1414 se

79 1435 167 1511 ‘plebs
181 1436 317 1492 comitem
328 1435 435 1493 senatui
446 1437 502 1502 det,
516 1448 553 1502 et,
568 1435 799 1511 quomadmodum
815 1435 910 1494 Patres
924 1437 1013 1494 rouuti

79 1520 145 1571 ‘non
165 1521 270 1572 codaut
284 1515 313 1571 in
326 1527 461 1581 senatum,
478 1513 518 1572 sic
531 1516 608 1591 plebs
620 1517 722 1573 abnuat
736 1514 890 1573 delectum!
932 1514 1013 1573 Haec

77 1593 188 1651 fremunt
201 1593 310 1670 plebes.
351 1593 464 1651 Petrum
478 1593 552 1651 baud
565 1595 622 1652 lerb
635 1594 778 1670 quisquam
791 1594 820 1650 in
829 1596 896 1661 loro,
905 1594 934 1650 in
943 1594 1012 1652 urbe

18 1706 19 1748 3
75 1672 121 1730 rui
138 1685 229 1731 erant.
270 1671 439 1748 Indignitate
458 1693 549 1730 rernm
570 1687 707 1732 cesserant
726 1675 755 1731 in
768 1693 866 1751 agros3
887 1691 1012 1731 suarum·

17 1794 18 1806 ‘
76 1769 237 1889 tltttt
263 1751 1010 1908 iltis?ttlnptlltltttttssltlltlnt

238 1872 246 1899 l

75 1910 247 1967 uirorumue
261 1911 436 1968 amovissent.
477 1911 627 1986 Postquam
641 1911 718 1968 citati
731 1930 785 1967 non
800 1908 1008 1977 conveniebant,

75 1986 169 2045 dimissi
184 1989 262 2046 circu
274 1989 372 2044 domos
385 1989 562 2064 apparitores,
575 1989 658 2045 simul
671 1989 706 2045 ad
719 1986 852 2064 pignoru⁴
867 1987 1009 2062 capienda,

74 2066 330 2140 subritandumque,
344 2072 427 2122 ‘nuru
439 2062 565 2124 cousultb
576 2067 758 2123 detrectarent
767 2065 789 2122 i’
803 2066 932 2131 referunt,
949 2072 1009 2122 ‘sc-

75 2151 181 2204 ‘natum
204 2147 233 2202 in
254 2145 327 2220 agris
339 2144 417 2202 esse?
457 2144 572 2202 Laetius
585 2145 614 2202 id
628 2143 789 2202 decemviris
802 2143 910 2212 accidit,
925 2141 1007 2219 quim

73 2223 92 2280 si
108 2237 270 2301 praesentes
290 2224 442 2281 detrectaro
462 2224 607 2301 imperium
628 2224 768 2282 referrent.
806 2222 912 2281 Jubent
925 2223 1008 2280 acciri

73 2321 168 2373 omnes,
182 2313 367 2378 senatumque
380 2303 409 2360 in
425 2303 499 2361 diem
513 2316 653 2380 posterum
669 2303 798 2369 edicunt;
818 2301 865 2378 qui
885 2302 1007 2378 aliquun-

71 2382 154 2459 tbsps
167 2384 293 2460 ipsorum
307 2383 475 2458 frequentior
487 2383 624 2441 convenit.
663 2382 728 2447 Quo
745 2383 818 2440 facto
833 2382 969 2459 proditam
990 2401 1007 2440 a

71 2461 192 2520 Patribus
205 2461 285 2540 plebs
298 2462 451 2520 libertatem
465 2475 532 2530 rata,
553 2470 561 2498 ⁶
575 2459 649 2538 qubd
662 2463 704 2529 iis,
719 2462 766 2541 qui
774 2461 832 2540 jam
846 2462 1008 2537 magistrata

70 2543 213 2609 ‘abissent
235 2542 411 2618 privatisque,
431 2542 455 2598 si
469 2542 509 2598 vis
528 2543 644 2613 abesset,
662 2555 791 2620 tunquam
808 2541 870 2619 jure
883 2540 1005 2617 cogenti·

72 2619 147 2691 ‘bus,
161 2635 274 2679 senatus
288 2623 423 2698 paruisset
434 2619 463 2677 ⁵.’

101 2767 204 2829 'Scau
223 2765 277 2824 188,
290 2767 382 2816 noted.
488 2764 658 2824 'Quamdiu
695 2765 1003 2824 When,ontheonehaud,

72 2834 106 2881 tlte
120 2834 253 2884 decemviro
270 2836 411 2884 themselves
424 2835 539 2899 regarded
557 2837 596 2883 the
607 2835 693 2884 lailure
703 2835 733 2882 ol
745 2837 786 2882 the
803 2843 909 2882 senators
925 2843 950 2881 to
967 2849 1004 2882 aa·

73 2902 162 2962 semble,
175 2903 278 2966 (supply
290 2903 355 2966 quod
367 2919 415 2950 non
427 2903 583 2954 convenirent
597 2902 700 2965 Patres.)
711 2919 737 2950 aa
748 2919 762 2950 u
773 2901 846 2962 proot'
854 2901 883 2948 ol
891 2902 952 2949 their
960 2917 1004 2966 gu-

71 2981 188 3020 vernment
205 2972 279 3033 being
296 2971 466 3033 unanimously
483 2969 604 3030 detested5
625 2971 672 3018 and
686 2971 727 3018 the
741 2985 853 3018 common
865 2969 950 3032 people
967 2985 1004 3018 re-

71 3037 153 3097 garded
164 3039 185 3087 it
195 3054 222 3086 as
233 3038 325 3102 nrlsing
336 3039 397 3086 from
411 3040 450 3087 the
461 3039 641 3094 circumstance,
659 3039 709 3086 that
720 3054 746 3085 as
757 3037 847 3099 private
858 3037 1005 3085 individuale

69 3104 119 3167 they
129 3106 175 3154 bnd
187 3122 221 3154 no
232 3107 331 3168 rightto
341 3121 453 3154 summou
470 3107 510 3154 the
527 3115 615 3154 serame.
718 3106 728 3134 ⁸
747 3108 791 3154 See
801 3121 825 3165 p.
843 3104 897 3163 186,
909 3114 966 3153 note
976 3106 1001 3153 5.

69 3170 77 3198 ⁴
93 3177 99 3202 ¹
111 3174 138 3221 lt
150 3189 198 3237 any
209 3184 306 3222 senator
322 3174 416 3222 refused
428 3189 455 3222 or
466 3174 591 3236 neglected
603 3183 628 3222 to
639 3173 729 3230 attend,
741 3169 771 3220 be
782 3188 831 3219 was
842 3171 961 3234 punlslned
971 3173 1004 3233 by

70 3243 99 3287 ‘a
114 3241 161 3289 line
178 3242 227 3290 und
239 3241 383 3304 distraining
394 3241 430 3290 hie
441 3242 525 3306 goods,
543 3242 624 3289 unless
635 3242 664 3288 be
675 3241 722 3290 hed
734 3241 807 3304 ajust
817 3255 913 3288 excuse.
950 3239 1004 3286 The
1082 3301 1083 3306 ¹

69 3307 129 3356 ‘due
139 3326 188 3357 uvas
201 3309 311 3371 imposed
323 3312 353 3372 by
365 3310 414 3356 blm
426 3312 480 3357 ubo
491 3309 547 3357 lneld
559 3311 599 3356 the
610 3319 698 3362 senate,
710 3307 757 3355 aud
767 3307 866 3368 pledges
874 3303 1001 3368 (pignora)

68 3379 143 3424 ‘vere
159 3377 233 3424 taken
252 3377 289 3424 till
306 3377 325 3424 it
337 3393 385 3423 was
403 3376 466 3438 pald.
506 3378 557 3424 But
572 3377 633 3423 alter
649 3375 711 3439 sixty
722 3389 750 3420 or
766 3372 886 3433 sixty-flve
899 3385 966 3430 years
976 3370 1006 3415 ol*

66 3445 133 3506 ‘ugo
152 3454 261 3493 senators
277 3445 356 3506 might
372 3443 453 3490 attend
471 3459 498 3492 or
515 3452 564 3498 not,
582 3458 609 3489 as
625 3443 680 3503 they
697 3439 812 3502 pleased.¹
850 3438 886 3482 Dr
907 3435 1000 3481 Anaua.

63 3509 205 3569 'Quodiiu
221 3514 266 3560 &a
305 3511 413 3560 Because
429 3509 468 3570 (in
486 3509 547 3556 their
563 3507 675 3570 opinion)
693 3508 734 3553 tlte
750 3512 830 3552 senate
846 3499 893 3547 had
910 3499 1001 3560 obeyed

1033 3715 1078 3804 ι
