2230 3846
458 241 581 299 LIBER
603 236 641 299 ΙΙ.
960 245 1015 302 107

71 403 135 478 legas
159 402 215 459 sibi
236 411 408 458 creaverunt.
449 399 481 456 In
495 399 538 456 bis
559 399 715 456 ‘Sicinium
732 399 815 458 fuisse
828 397 845 468 ¹,
866 400 1009 460 seditionis

69 491 231 539 ‘auctorem
245 480 259 547 ;'
279 481 315 537 de
330 481 448 546 duobus,
463 479 508 553 qui
522 479 632 546 luerint,
648 479 737 535 minirs
751 480 886 537 convenit.
928 481 1008 550 Sunt,

68 562 106 634 qui
127 569 136 595 ‘
153 562 228 617 duos
248 559 356 616 tantiam
378 558 406 614 in
422 558 506 615 Sacro
520 570 614 614 monte
628 570 734 614 creatos
746 559 871 616 tribunos
885 559 952 616 esse’
967 562 1008 617 di·

165 652 240 706 cant,
256 647 263 673 ‘
277 639 371 712 ibique
385 650 518 694 sacratam
533 638 622 712 legem
640 637 722 694 latam
734 636 763 692 ²!
804 639 859 695 Per
878 640 1008 696 secessio·

9 777 10 782 χ
69 721 88 754 l·
101 721 122 756 ⁰·
166 737 233 775 nem
247 717 337 794 plebis
353 717 401 792 Sp.
416 716 528 774 Cassius
542 728 570 772 et
585 716 734 772 Postumus
750 716 893 774 Cominius
910 737 1008 776 consu·

9 825 10 844 ι
67 775 117 823 ²⁶¹·
167 798 255 854 latum
270 797 400 853 inierunt.
441 795 497 851 His
511 795 668 852 consulibus
688 815 751 852 cum
773 795 880 852 Latinis
900 799 1008 874 populis

9 875 10 928 l
67 875 148 932 ictum
166 876 274 932 foedus.
316 875 364 932 Ad
378 875 407 930 id
422 875 573 931 feriendum
589 873 685 930 consul
694 875 763 930 alter
775 875 881 931 Romae
890 878 1008 942 mansit;

9 1003 10 1012 ,
68 956 141 1023 alter,
166 956 201 1012 ad
224 955 357 1010 Volscum
381 953 482 1009 bellum
505 953 614 1019 missus,
636 953 766 1010 Antiates
785 953 899 1010 Volscos
918 956 1010 1012 fundit

68 1035 217 1110 fugatque:
238 1033 395 1108 compulsos
403 1032 432 1088 in
442 1032 573 1108 oppidum
586 1030 740 1106 Longulam
751 1045 922 1107 persecutus,
933 1054 1008 1091 moe·

68 1114 145 1169 nibus
160 1113 277 1188 potitur.
318 1111 387 1168 Inde
403 1111 558 1178 Poluscam,
573 1111 639 1167 item
656 1111 825 1178 Volscorurn,
837 1111 929 1186 cepit:
950 1126 1008 1169 tum

69 1193 167 1268 magnis
187 1193 215 1247 vi
235 1192 349 1248 adortus
371 1202 413 1247 est
434 1189 568 1247 Coriolos.
611 1189 678 1246 Erat
695 1201 754 1246 tum
776 1190 803 1246 in
824 1192 919 1246 castris
939 1192 1011 1248 inter

70 1273 201 1347 primores
211 1271 347 1347 juvenum
363 1269 396 1326 C.
411 1267 545 1336 Marcius,
560 1269 719 1326 adolescens
727 1283 756 1325 et
766 1269 880 1325 consilio
888 1282 917 1326 et
928 1289 1010 1328 manu

69 1364 222 1426 promptus,
232 1350 278 1406 cui
287 1367 438 1423 cognomen
448 1361 544 1424 postea
556 1347 702 1404 Coriolano
710 1348 771 1404 luit.
812 1349 906 1412 Quum
918 1347 1010 1407 subitd

69 1433 222 1486 exercitum
239 1429 407 1494 Romanum,
423 1427 549 1484 Coriolos
562 1427 744 1493 obsidentem,
758 1439 840 1502 atque
854 1428 882 1483 in
897 1429 1010 1504 oppida·

70 1529 125 1575 nos,
140 1529 212 1584 quos
225 1507 300 1564 intus
314 1507 420 1564 clausos
433 1504 559 1571 babebat,
578 1506 714 1562 intentum
729 1506 788 1563 sine
801 1506 858 1562 ullo
872 1521 948 1564 metu
963 1528 1010 1564 ex·

71 1589 204 1644 trinsecus
219 1586 389 1642 imminentis
404 1585 476 1652 belli,
489 1585 606 1641 Volscae
616 1585 745 1659 legiones,
757 1587 895 1660 profectae
906 1588 940 1643 ab
950 1588 1010 1643 An·

71 1668 116 1732 ιὶο,
131 1667 304 1731 invasissent,
319 1666 472 1738 eodemque
487 1676 611 1738 tempore
625 1683 659 1718 ex
673 1664 776 1740 oppido
784 1665 938 1741 erupissent
948 1665 1011 1723 lios·

72 1760 120 1813 tes,
134 1747 207 1802 forte
221 1746 249 1800 in
263 1744 382 1801 statione
396 1741 521 1799 Marcius
535 1743 595 1798 fuit.
636 1742 673 1810 Is,
694 1763 757 1800 cum
772 1743 879 1800 delecta
892 1746 1010 1804 militum

72 1845 161 1891 manu,
176 1844 232 1881 non
248 1823 332 1880 modd
346 1823 479 1897 impetum
494 1823 696 1897 erumpentium
712 1823 823 1890 retudit,
838 1825 886 1880 sed
901 1843 950 1898 per
962 1843 1010 1900 pa·

73 1918 172 1961 tentem
191 1915 300 1980 portam
322 1903 399 1958 ferox
419 1901 533 1976 irrupit:
561 1901 699 1975 caedeque
719 1901 747 1956 in
768 1901 913 1976 proxima³
935 1903 1010 1959 urbis

75 1985 149 2050 lacta,
164 1984 268 2059 ignem,
284 1994 389 2038 temere
402 1992 550 2054 arreptum,
566 1979 773 2036 imminentibus
787 1999 866 2036 muro
880 1981 1010 2037 aediliciis

75 2063 171 2139 injecit.
215 2061 329 2118 Clamor
342 2060 406 2116 inde
420 2059 627 2134 oppidanorum,
643 2060 745 2114 mixtus
759 2059 883 2114 muliebri
901 2060 1009 2134 puerili·

66 2162 124 2216 ,que
144 2142 264 2218 ploratu,
288 2140 323 2196 ad
345 2151 485 2203 terrorem,
506 2149 538 2193 ut
551 2137 631 2202 solet,
652 2137 741 2212 primo
755 2149 817 2192 ortu
834 2151 863 2193 et
879 2138 1011 2194 Romanis

75 2223 146 2277 auxit
159 2221 294 2285 animum,
310 2229 339 2275 et
351 2217 471 2274 turbavit
485 2216 609 2282 Volscos,
623 2227 720 2290 utpote
734 2216 814 2290 captia
828 2217 904 2283 urbe,
919 2217 964 2272 cni
975 2219 1010 2274 ad

75 2301 209 2356 ferendam
229 2317 310 2374 opem
322 2309 460 2354 venerant.
502 2294 546 2352 lta
563 2296 617 2351 fusi
631 2295 725 2351 Volsci
746 2295 884 2359 Antiates,
907 2295 1010 2354 Corioli

74 2381 204 2455 oppidum
219 2389 342 2452 captum.
384 2374 559 2449 Tantumque
573 2375 623 2430 suit
636 2374 716 2430 laude
727 2373 835 2430 obstitit
847 2376 935 2432 famae
945 2395 1011 2434 con-

74 2459 136 2515 sulis
158 2458 295 2522 Marcius,
316 2467 356 2520 ut,
377 2453 429 2510 nisi
447 2455 544 2510 foedus
565 2473 627 2510 cum
649 2452 764 2519 Latinis,
779 2454 907 2511 columnis
927 2457 1012 2512 aeneis

74 2539 250 2614 insculptum,
273 2545 454 2591 monumento
474 2544 555 2598 esset,
572 2532 608 2589 ab
622 2532 670 2607 Sp.
685 2532 781 2589 Cassio
795 2553 858 2595 uno,
872 2534 937 2608 quia
956 2535 1012 2590 cul·

74 2620 130 2692 lega
149 2616 286 2681 abfuerat,
307 2614 402 2678 ictum,
425 2612 588 2668 Postumum
609 2611 766 2668 Cominium
780 2611 882 2668 bellum
896 2614 1013 2690 gessisse

74 2717 133 2755 cum
152 2695 272 2760 Volscis,
285 2691 419 2749 memoriis
427 2690 561 2747 cessisset.
616 2691 722 2747 Eodem
732 2709 805 2746 anno
816 2691 1015 2767 AgrippaMe·

75 2777 171 2834 uenias
185 2773 314 2839 moritur,
328 2771 370 2826 vir
384 2771 459 2826 omni
473 2769 530 2826 vitis
543 2769 644 2845 pariter
653 2770 780 2826 Patribus
790 2789 822 2826 ac
832 2771 905 2846 plebi
920 2791 1016 2838 carus;

75 2869 134 2932 post
155 2852 342 2910 secessionem
364 2849 451 2906 carior
468 2848 543 2924 plebi
559 2849 656 2904 fuctus.
698 2849 776 2906 Huic
788 2849 930 2924 interpreti
945 2853 1015 2909 arbi-

74 2949 170 3010 troque
185 2930 351 2989 concordiae
365 2927 475 2994 civium,
490 2927 580 3002 legato
596 2928 707 2984 Patrum
728 2929 762 2984 ad
783 2927 901 3002 plebem,
919 2931 1014 2988 reduc-

74 3017 123 3071 tori
133 3012 224 3090 plebis
236 3010 380 3066 Romanae
390 3007 417 3062 in
429 3009 524 3063 urbem
536 3019 662 3081 sumptus
673 3007 760 3062 funeri
769 3006 864 3064 defuit.
907 3009 1015 3067 Extulit

9 3133 15 3145 ,
75 3114 134 3150 enm
149 3092 230 3168 plebs
244 3088 416 3146 sextantibus
430 3086 534 3142 collatis
548 3085 576 3141 in
590 3086 688 3161 capita.

107 3240 112 3267 ¹
130 3241 250 3288 Sicinium
265 3238 351 3294 fuisse,
370 3231 456 3294 supply
468 3235 581 3282 conuenit.
679 3228 688 3255 ¹
711 3231 843 3296 Dionysius
855 3233 920 3294 gives
933 3251 961 3282 us
979 3235 1018 3280 tbe

75 3323 154 3354 names
165 3305 196 3352 of
204 3306 245 3351 the
257 3302 303 3348 live
315 3303 429 3358 tribunes,
444 3301 473 3347 L.
487 3300 504 3349 J
507 3299 578 3346 unius
589 3299 688 3353 Brutus,
702 3300 777 3361 (urbo,
787 3302 916 3362 according
925 3313 949 3350 ιο
959 3302 1017 3358 him,

75 3391 120 3420 vas
131 3383 196 3420 most
208 3371 285 3419 active
296 3369 321 3415 in
335 3370 374 3414 the
386 3369 511 3423 secession,
529 3365 576 3412 and
594 3367 634 3411 the
651 3375 730 3412 orator
746 3368 775 3412 os
788 3369 827 3414 the
844 3367 929 3426 people
940 3368 964 3412 in
977 3367 1018 3413 de-

76 3441 193 3502 manding
202 3440 243 3484 tbe
251 3437 356 3484 creation
369 3435 397 3481 of
406 3433 536 3494 tribunes)
548 3434 574 3481 C.
589 3432 691 3479 Sicinius
702 3433 822 3488 Bellutus,
839 3433 864 3480 C.
876 3431 922 3478 and
934 3433 963 3478 P.
976 3433 1019 3478 Li.

77 3509 160 3564 cicius,
174 3505 223 3552 and
238 3505 279 3564 Sp.
296 3503 380 3550 Icilius
393 3503 473 3562 Ruga.
507 3501 558 3548 The
570 3498 669 3545 electiori
683 3497 738 3545 took
750 3499 817 3559 place
829 3499 853 3546 iu
867 3498 906 3543 the
917 3497 1020 3544 Comitia

73 3568 177 3624 'Curiata
189 3589 221 3620 on
234 3572 275 3620 the
289 3569 345 3618 loth
359 3569 500 3618 December.
569 3565 579 3594 ⁸
598 3565 689 3626 supply
700 3569 760 3614 loca.
855 3625 858 3632 ,
