2224 3862
94 157 152 216 me
477 151 512 212 Τ.
531 149 635 213 LIVII
658 153 667 162 “
753 171 762 190 ⁸

93 313 184 393 plebis
202 331 238 371 ea
256 311 371 370 comitia
388 311 535 378 malebant,
555 309 655 385 qniltm
668 327 723 366 aon
737 305 884 366 haberetur
894 308 968 366 ratio
980 311 1033 379 sui,

93 393 177 470 quim
191 392 291 466 quibua
304 405 337 450 ut
350 390 456 464 indigui
469 390 689 466 praeterirentur.
730 387 848 446 Tribuni
858 389 970 463 quoque
980 390 1036 465 ple·

93 475 136 532 bis
156 485 301 534 certamen,
310 471 369 528 sine
383 467 487 528 effectu
498 470 526 526 in
539 467 673 526 beneficio
686 467 760 543 apud
773 468 907 544 primores
923 467 1037 526 Petrum

93 551 236 627 reliquere.
288 549 321 606 Τ.
349 549 498 612 Quinctius
519 548 653 604 Barbatus
678 547 798 604 interrex
820 545 950 604 consules
966 559 1041 605 creat

93 630 130 688 L.
144 629 285 706 Papirium
300 627 496 704 Mugillanum,
510 625 546 684 L.
560 625 754 702 Sempronium
769 625 944 684 Atratinum.
987 626 1040 684 His

94 709 252 768 oonsulibus
270 727 335 766 oum
359 705 527 765 Ardeatibus
545 706 643 763 foedus
669 717 831 762 renovatum
857 717 909 762 est.
951 703 1039 780 quue

93 787 266 846 monumenti
285 799 336 853 eat,
357 786 483 844 eonsules
503 804 551 843 eos
570 785 618 841 illo
637 803 710 842 anuo
728 784 823 852 fuisse,
843 784 891 859 qui
904 802 999 859 neque
1013 785 1040 844 in

94 868 236 926 annalibus
257 866 361 960 priscis,
382 883 472 940 neque
491 864 519 922 in
539 863 615 920 libris
629 864 837 938 magistratuum
851 864 1039 924 inveniuntur.

96 947 197 1013 Credo,
218 946 294 1022 quod
314 944 417 1002 tribuni
431 943 548 1000 militum
562 942 641 1000 initio
654 942 719 999 anni
731 943 852 1009 fuerunt,
866 962 910 1009 eo,
926 942 1040 1019 perinde

94 1046 128 1086 ae
140 1026 164 1084 si
177 1037 268 1084 totum
281 1043 383 1083 annum
396 1024 425 1080 iu
438 1021 555 1099 imperio
568 1022 678 1090 inerint,
687 1021 811 1080 suffectis
820 1021 863 1079 hie
870 1021 1039 1091 oonsulibus,

94 1105 287 1182 praetermissa
299 1102 411 1161 nomina
423 1102 567 1160 morulam
581 1099 688 1158 horum.
728 1101 853 1160 Licinius
861 1101 965 1160 illaeer
978 1120 1038 1162 auo·

94 1197 139 1242 tor
150 1196 202 1252 ast,
216 1196 245 1242 et
258 1183 287 1240 in
300 1183 411 1240 foedere
423 1181 586 1247 Ardeatino,
596 1193 625 1238 et
635 1180 663 1237 in
673 1179 766 1238 linteis
776 1179 852 1239 libris
860 1181 896 1238 ad
905 1181 1040 1241 Monetae

93 1263 214 1322 inventa.
254 1261 293 1320 Et
306 1262 379 1328 foria,
400 1280 487 1336 quum
499 1273 542 1318 tot
554 1271 672 1318 terrores
684 1279 702 1317 a
712 1259 838 1322 finitimis
851 1263 987 1320 ostentati
1000 1283 1038 1321 es-

96 1355 167 1412 sent,
181 1353 210 1401 et
223 1341 299 1400 domi
312 1340 401 1399 otium
413 1341 475 1398 fuit.

237 1420 319 1478 Vlll.
341 1419 428 1478 Huno
446 1437 548 1478 annum
576 1417 644 1494 (seu
662 1417 786 1476 tribunos
805 1414 900 1486 modi),
922 1439 974 1478 seu
994 1421 1038 1477 tri-

95 1489 157 1595 n:
197 1494 1040 1652 tunduntur&uluttlulnnznut

96 1657 132 1718 T·
146 1656 279 1722 Quinctio
294 1657 452 1735 Capitolino
465 1656 591 1732 quintium
602 1657 768 1714 oonsulibus.
807 1656 887 1714 Idem
897 1656 1037 1716 hieannns

97 1756 228 1796 uenturae
242 1737 351 1794 initium
364 1736 426 1804 fuit,
438 1736 479 1794 rei
492 1755 509 1794 a
522 1735 606 1812 parad
618 1735 724 1811 origine
741 1747 833 1794 ortae:
854 1755 929 1811 quae
943 1737 1038 1795 deinde

97 1827 175 1874 tanto
194 1817 365 1874 incremento
384 1829 465 1874 euota
485 1827 537 1882 est,
557 1827 589 1872 ut
609 1834 717 1873 morum
743 1815 963 1893 disciplinaeque
985 1815 1037 1874 Ro·

97 1914 196 1954 mauae
214 1915 300 1972 penes
320 1914 382 1954 eam
395 1895 527 1971 regimen,
541 1906 662 1964 senatus,
676 1894 857 1970 equimmque
870 1895 1012 1954 centuriae
1021 1897 1036 1962 ¹,

97 1975 205 2034 decoris
225 1975 422 2050 dedecorisque
438 1974 650 2032 disorimensub
663 1974 769 2031 ditione
781 1973 841 2050 ejus
854 1974 1036 2051 magistratio,

97 2054 271 2130 publicorum
280 2053 328 2131 jue
341 2055 564 2131 privatorumque
577 2053 710 2121 locorum,
725 2054 973 2132 vectigaliapopuli
985 2054 1036 2112 llo-

97 2134 172 2192 mani
191 2135 242 2190 sub
262 2146 334 2191 nutu
345 2145 429 2208 atque
442 2133 554 2192 arbitrio
568 2144 669 2190 assent.
709 2133 811 2190 Ortum
824 2145 920 2191 autem
935 2133 1036 2192 initium
1092 2163 1093 2190 ι

97 2212 139 2270 rei
152 2224 204 2280 est,
218 2209 293 2286 quod
306 2213 334 2269 in
348 2213 460 2288 populo,
474 2231 523 2289 per
537 2212 638 2268 multos
651 2230 737 2269 annos
750 2213 871 2280 incenso,
885 2231 978 2288 neque
990 2212 1036 2268 dil·
1092 2199 1093 2221 ¹

97 2291 161 2348 ferri
181 2310 280 2348 oeneus
300 2303 418 2367 poterat,
432 2310 522 2366 neque
535 2290 702 2359 oonsulibus,
716 2310 802 2367 quum
821 2304 863 2349 tot
876 2292 1036 2369 populorum

99 2368 171 2427 bella
190 2367 374 2433 imminerent.
393 2389 492 2445 operae
512 2381 571 2428 erat
590 2370 619 2428 id
638 2371 779 2446 negotium
800 2390 890 2447 agere.
931 2369 1035 2429 Montio

97 2447 172 2514 illata
187 2446 223 2506 ab
236 2459 334 2506 senatu
350 2459 401 2516 est,
421 2454 429 2482 ‘
446 2447 518 2505 Rem
532 2467 676 2524 operosam
689 2469 722 2508 ee
736 2449 849 2508 minime
869 2451 1033 2508 consularem

98 2533 172 2586 ‘suo
191 2527 302 2604 proprio
322 2527 483 2603 magistratu
502 2547 602 2605 egere:
622 2529 668 2587 cui
685 2515 835 2587 scribarum
849 2529 1034 2595 ministerium,

99 2613 113 2668 ‘.
121 2606 318 2682 custodiaeque
332 2618 361 2664 et
374 2606 527 2664 tabularum
542 2626 615 2675 oure,
630 2607 675 2665 eui
685 2607 827 2666 arbitrium
836 2609 971 2667 formulae
978 2625 1034 2666 oen·

99 2693 107 2720 ‘
121 2685 199 2743 sendi
213 2684 410 2760 subjiceretur!
451 2681 490 2744 Et
504 2687 609 2755 Patres,
623 2705 778 2762 quanquam
793 2708 851 2745 rem
863 2683 986 2764 perram,
999 2699 1033 2742 ta·

99 2783 172 2832 men,
187 2783 243 2839 quo
256 2766 348 2841 plures
361 2765 470 2842 patricii
484 2766 659 2842 magistratus
673 2765 701 2822 in
715 2767 856 2844 republicis
865 2779 967 2836 essem,
977 2763 1033 2824 laeti

23 2895 32 2904 .
98 2860 248 2920 aooepere:
269 2845 307 2912 id,
329 2845 403 2920 quod
423 2845 523 2912 evenit,
545 2844 698 2902 ‘futurum’
720 2847 803 2905 eredo
816 2848 899 2906 etiam
913 2847 974 2916 rati,
989 2851 1033 2901 ‘ut
1090 2867 1091 2887 ι

99 2931 187 2980 ‘mox
207 2941 274 2999 opes
291 2943 396 2992 eornm,
415 2923 462 2999 qui
479 2936 645 3000 praeessent,
667 2923 720 3002 ipsi
739 2924 837 2984 honori
851 2927 899 3004 jus
915 2925 1033 3003 majesta·

98 3009 107 3036 ‘
122 3013 234 3078 temque
248 3001 415 3078 adjicerent!
456 3002 495 3061 Et
508 3004 622 3073 tribuni,
634 3003 679 3082 (id
693 3005 768 3080 quod
781 3017 848 3064 tune
861 3005 945 3078 arat)
955 3001 1032 3078 mugit

132 3145 140 3178 ¹
159 3147 227 3197 Most
243 3157 428 3198 commentatore
445 3150 554 3202 consider
570 3161 666 3202 senatur
683 3150 732 3198 aud
742 3156 862 3202 cernente
876 3167 902 3200 aa
913 3151 953 3203 the
963 3147 1030 3200 nontl-
1089 3163 1090 3176 ¹

99 3214 188 3270 native.
227 3217 315 3272 Stroth,
328 3217 353 3263 in
366 3216 436 3264 order
448 3227 473 3266 to
484 3218 645 3279 comprehend
656 3217 689 3265 all
700 3219 774 3266 ranke
785 3219 810 3266 iu
824 3220 906 3282 Liry'a
916 3215 1030 3266 defirdtion

98 3283 128 3340 of
135 3285 176 3332 the
186 3283 331 3344 censorship,
343 3282 450 3347 destroys
462 3285 502 3332 the
512 3303 558 3348 que
569 3286 598 3332 ol
610 3289 770 3350 equitumque,
783 3287 900 3349 inserting
916 3301 931 3334 a
948 3297 1031 3336 oommt

98 3349 159 3408 efter
170 3355 285 3416 equitum,
305 3349 352 3397 and
369 3350 468 3414 regards
483 3363 577 3405 umus
595 3353 644 3402 an'd
655 3359 774 3408 oenturioe
784 3371 811 3402 aa
822 3355 862 3402 the
872 3353 983 3418 genitive,
993 3365 1031 3414 3⁰·

97 3417 186 3488 remed
196 3421 229 3484 by
240 3416 371 3473 ducamen.
409 3417 476 3468 With
489 3421 529 3470 the
540 3437 606 3471 sarm
617 3420 685 3480 vien,
696 3423 776 3473 others
785 3421 844 3473 read
853 3426 1017 3474 mmmmm·
