2232 3862
112 231 150 286 36
505 223 539 282 Τ.
553 222 653 283 LIVII
686 215 691 220 ’

114 400 160 444 tur
168 386 202 442 ab
210 385 339 444 bellicoso
349 403 422 460 rege,
431 383 687 442 salubriora¹etiam
696 385 823 443 credente
833 385 953 456 militiae,
970 385 1060 462 quam

116 467 199 528 domi,
216 465 351 542 juvenum
372 483 486 540 corpora
506 481 582 530 esse;
603 464 691 527 donec
705 465 764 540 ipse
778 465 887 540 quhqne
901 466 1060 541 longinquo

115 548 211 603 morbo
231 557 274 602 eat
293 543 452 622 implicitus.
493 542 660 600 Tunc'adeb
673 543 751 600 fracti
765 545 846 600 simul
859 564 921 601 cum
937 563 1059 621 corpore

114 637 179 682 sunt
199 624 310 700 spiritus
330 623 367 680 illi
388 625 500 689 feroces,
515 633 555 689 ut,
569 621 617 695 qui
630 621 697 678 nihil
710 624 774 680 autb
787 637 861 680 ratus
875 637 948 682 esset
962 625 1060 681 minuis

114 705 230 780 regium,
244 702 326 780 quam
341 704 430 780 ¹sacris
444 702 544 760 dedere
558 701 688 768 animum,
706 705 819 777 repente
833 703 959 760 omnibns
976 723 1058 779 mag·

114 785 156 840 nis
170 784 314 859 parvisque
328 780 565 858 superstitionibus
579 781 714 838 obnoxius
727 782 848 855 degeret,
862 781 1059 857 religionibus·

114 883 168 939 que
182 863 264 920 etiarn
279 862 410 939 populum
425 861 560 936 impleret.
601 860 693 935 Vulgi)
701 859 760 937 jam
773 859 907 928 homines,
921 881 985 918 eum
995 875 1057 919 sta-

113 957 172 1000 tum
195 961 295 1008 rerum,
316 941 363 1016 qui
383 939 436 996 suh
457 939 551 996 Numa
569 960 633 1016 rege
651 942 748 1008 fuerat,
769 942 945 1015 requirentes,
967 947 1063 998 unam'

114 1041 194 1098 opem
209 1021 297 1098 aegris
311 1019 470 1096 corporibus
483 1019 613 1087 relictam,
628 1019 652 1076 ai
665 1039 720 1095 pax
734 1018 866 1094 veniaque
879 1021 913 1076 ab
924 1019 988 1077 Diis
997 1021 1057 1076 im-

114 1113 220 1177 petrata
233 1110 314 1164 esset,
329 1099 484 1156 credebant.
525 1099 642 1175 ‘lpsum
657 1096 768 1173 regem,'
783 1099 901 1166 tradunt,
917 1106 925 1132 ‘
939 1099 1056 1157 volven-

115 1190 192 1238 ‘tem
210 1178 421 1237 commentarios
443 1176 561 1246 Numae,
576 1198 660 1254 quurn
681 1177 718 1236 ibi
738 1178 871 1253 quaedam
886 1179 993 1236 occulta
1007 1187 1057 1236 a'o·

115 1267 122 1294 ‘
136 1259 227 1316 lennia
246 1258 378 1316 sacrificia
391 1256 456 1314 ,Iovi
472 1256 582 1314 ΕΙίιίοξ
596 1259 668 1315 facta
680 1257 837 1324 invenisset,
851 1270 992 1333 operatum
1009 1257 1056 1316 his

114 1339 220 1396 ‘sacris
240 1357 270 1395 sc
290 1337 443 1404 abdidisse;
470 1337 519 1393 sed
539 1357 593 1394 non
614 1339 666 1394 rite
685 1336 783 1392 initum
800 1347 849 1394 ant
868 1349 992 1394 curatum
1024 1339 1056 1394 id

115 1426 244 1476 ‘sacrum
259 1435 335 1483 essa3
357 1435 408 1472 nec
422 1415 510 1472 solium
525 1417 625 1474 nullam
640 1416 667 1474 ei
680 1415 797 1472 oblatam
812 1415 972 1473 coelestium
986 1437 1054 1492 spe-

115 1505 122 1532 ‘
136 1499 216 1566 ciem,
230 1497 279 1552 aed
293 1496 334 1552 iria
346 1495 433 1562 Jovis,
447 1495 585 1554 sollicitati
598 1495 681 1571 pravis
690 1494 829 1568 religione,
840 1495 953 1552 fulmine
962 1495 1052 1553 ictum

114 1586 199 1635 ‘cum
214 1577 297 1633 domo
311 1573 508 1650 conflagrasse!
523 1617 525 1620 -
548 1575 647 1632 Tullus
660 1574 759 1650 magna
771 1574 857 1650 gloria
870 1574 935 1632 belli
952 1569 1053 1651 regna·

114 1657 154 1714 rit
166 1675 251 1714 annos
265 1655 335 1711 duos
349 1668 378 1710 et
391 1653 512 1728 triginta.
816 1691 823 1704 .
1057 1673 1058 1678 ¹

253 1733 379 1790 XXXll.
401 1733 517 1789 Mortuo
531 1732 621 1800 Tullo,
635 1753 687 1798 res,
701 1743 734 1808 ut
746 1731 902 1790 institutum
912 1731 969 1809 jam
984 1733 1052 1790 inda

115 1795 177 1897 Ἠ·
213 1814 247 1870 ab
268 1813 348 1870 initio
368 1824 434 1878 erat,
455 1811 490 1868 ad
512 1811 607 1869 Patres
625 1812 761 1869 redierat:
781 1810 864 1886 hique
884 1812 1051 1888 interregem

174 1882 180 1897 ’
213 1893 419 1949 nominaverant
431 1913 438 1957 ;
455 1910 509 1964 quo
523 1891 634 1948 comitia
648 1891 773 1960 habente,
783 1892 895 1949 Ancum
909 1890 1050 1950 Marcium

113 1991 204 2048 regem
216 1972 334 2048 populus
344 1970 462 2028 creavit:
478 1969 657 2027 Patresfuere
668 1983 804 2028 auctores.
845 1970 954 2027 Numae
966 1971 1051 2028 Pom·

114 2053 173 2127 pilii
191 2051 264 2127 regis
284 2068 378 2125 nepos,
399 2049 455 2106 fitia
475 2062 559 2115 ortus,
576 2053 673 2108 Ancus
694 2045 818 2106 Marcius
830 2061 896 2106 erat.
937 2049 1003 2114 Qui,
1019 2063 1051 2107 ut

65 2139 69 2147 '
113 2151 226 2208 regnare
246 2130 346 2206 coepit,
367 2140 396 2186 et
416 2128 505 2186 avitae
524 2129 626 2204 gloriae
645 2147 760 2196 memor,
773 2141 802 2186 ct
816 2129 879 2202 quia
892 2129 1050 2205 proximum

113 2230 237 2286 regnum,
251 2221 343 2268 cetera
355 2209 504 2284 egregium,
517 2209 551 2264 ab
564 2209 620 2265 unit
632 2221 709 2283 parte
723 2206 796 2264 haud
809 2208 875 2266 satis
887 2227 1050 2284 prosperum

113 2291 210 2358 fuerat,
223 2301 272 2346 aut
284 2288 417 2364 neglectis
430 2287 615 2362 religionibus,
629 2298 677 2344 aut
690 2289 773 2362 prave
787 2287 867 2343 cultis
879 2309 886 2352 ;
905 2287 987 2362 longe
1001 2307 1050 2343 an-

113 2368 297 2444 tiquissimum
308 2380 382 2424 ratus
390 2366 410 2435 ³,
425 2385 502 2423 sacra
511 2367 627 2442 publica,
637 2379 669 2422 ut
679 2368 713 2423 ab
722 2365 817 2422 Numa
827 2366 952 2424 instituta
962 2379 1049 2434 erant,
1101 2381 1102 2406 ³

112 2449 202 2506 lacere
210 2469 218 2514 ;
240 2453 248 2482 ‘
261 2446 353 2502 omnia
364 2465 397 2502 ea
410 2465 446 2502 ex
459 2445 661 2503 commentariis
675 2444 754 2521 regis’
767 2445 924 2522 pontificem
947 2452 954 2479 ‘
969 2445 997 2500 in
1011 2446 1050 2506 al-

113 2530 201 2584 ‘bum
222 2525 314 2593 relata,
335 2543 486 2602 proponere
506 2524 533 2580 in
555 2523 673 2600 publico'
688 2523 778 2600 jubet.
818 2525 887 2582 inde
900 2536 929 2582 et
943 2521 1049 2582 civibus

113 2607 163 2666 otii
183 2605 299 2682 cupidis,
319 2618 348 2660 et
361 2605 483 2660 finitimis
503 2603 659 2662 civitatibus
676 2606 748 2662 lacta
767 2623 838 2680 spes,
858 2604 943 2672 mavi
958 2623 1048 2660 morea

112 2690 199 2762 atque'
208 2684 333 2742 instituta
347 2702 439 2759 regem
448 2683 584 2743 abiturum
594 2682 616 2739 ⁴.
656 2683 745 2758 Igitur
753 2682 855 2751 Latini,
865 2703 928 2740 curn
937 2684 1046 2758 quibu,

113 2765 195 2824 Tullo
214 2775 354 2839 regnante,
374 2763 460 2820 ictum
481 2763 577 2819 foedus
598 2775 664 2831 arat,
685 2763 850 2820 tautulerant
867 2762 989 2819 animos:
1010 2776 1046 2829 et,
1101 2797 1102 2842 p

111 2864 196 2922 quum
216 2843 398 2901 incursionem
419 2841 447 2897 iu
464 2859 561 2916 agrum
577 2842 734 2899 Romanum
748 2841 884 2910 fecissent,
899 2841 1047 2918 repetenti·
1101 2843 1102 2900 1

141 2962 262 3011 1ιῖιιὶιιόιι·
281 2960 302 3006 is
324 2957 447 3020 generally
464 2958 525 3006 used
547 2958 580 3005 in'
594 2973 626 3005 an
648 2959 725 3006 active
745 2973 821 3014 sense,
839 2959 1047 3020 renel-bringing,
1101 2987 1102 3044 p

107 3035 164 3080 here
174 3031 305 3097 salubriora
324 3026 362 3072 for
372 3028 475 3082 saniora,
488 3042 555 3074 more
567 3027 673 3090 healthy.
775 3027 785 3055 ²
804 3028 847 3074 See
862 3027 920 3074 aon
937 3026 1042 3088 chapter.
1101 3047 1102 3090 y

107 3101 117 3127 ²
134 3102 216 3160 Longe
227 3093 425 3158 antiquissimum.
442 3096 475 3158 by
485 3093 524 3142 far
541 3097 581 3141 the
599 3103 663 3142 most
680 3093 799 3142 desirablc
810 3095 875 3154 plan.
908 3095 940 3142 So
953 3094 986 3140 iii.
1003 3093 1042 3148 20,

104 3171 137 3217 Id
153 3168 276 3229 antiquius
293 3163 449 3224 conrulrfur’t.
542 3157 719 3225 'Iacobgc
756 3163 820 3210 'I'bat
837 3165 877 3210 the
888 3162 951 3225 king
963 3159 1042 3208 would
1101 3199 1102 3208 ,

104 3235 180 3296 adopt
188 3234 229 3280 the
240 3245 353 3278 manners
361 3228 410 3276 and
419 3229 535 3292 practices
543 3229 574 3276 of
581 3231 618 3277 his
627 3229 785 3292 grandfather
795 3231 885 3286 Numa,
895 3231 977 3278 rather
985 3229 1044 3276 than

103 3303 221 3354 continue
237 3297 264 3346 in
281 3298 348 3344 those
359 3297 389 3342 ot'
404 3296 500 3345 Tullus.
540 3298 613 3346 From
624 3299 665 3344 the
676 3306 730 3344 rote
742 3298 773 3344 of
785 3299 826 3344 the
845 3298 941 3344 Roman
961 3305 1043 3344 senate

102 3370 192 3434 having
203 3371 264 3415 been
272 3363 345 3412 taken
356 3365 389 3427 by
397 3364 437 3410 the
446 3365 534 3426 parties
545 3366 651 3429 ranging
662 3366 805 3413 themselves
814 3381 847 3414 cn
860 3365 973 3412 different
982 3364 1046 3412 sides

102 3439 133 3485 of
141 3439 182 3485 the
193 3442 276 3487 senate
287 3433 373 3488 house,
391 3433 450 3480 such
462 3433 542 3482 words
553 3433 583 3482 of
596 3433 699 3488 motion,
714 3448 741 3484 at
756 3436 828 3489 abire,
846 3436 957 3485 transire,
970 3436 1044 3482 dirce·
1101 3439 1102 3514 p

101 3509 161 3560 dere,
178 3518 218 3552 are
230 3499 295 3554 ,used
312 3499 437 3562 generally
453 3509 479 3548 to
496 3517 593 3566 express
608 3503 649 3550 the
665 3499 782 3564 adoption
794 3501 880 3550 osone
897 3498 998 3564 opinion
1016 3514 1043 3547 or
1101 3521 1102 3548 ς

101 3571 167 3624 habit
179 3572 205 3620 in
216 3568 510 3634 preferencetoanother.
1048 3567 1052 3577 “
1101 3567 1102 3592 i
