2262 3858
104 185 166 244 808
478 177 513 238 Τ.
532 177 633 238 LIVlI

103 343 225 420 perinde,
246 359 279 398 ac
297 339 322 396 si
340 357 436 397 omnes
454 337 592 396 candidati
611 347 712 402 essent,
732 343 833 394 cuncta
859 337 1050 414 experientes,

104 439 161 480 non
180 420 305 478 homines
319 419 410 484 modd,
424 419 474 476 sed
487 417 567 476 Deos
579 416 672 484 etiarn,
685 413 875 492 excipiebant3
895 415 926 472 in
940 417 1055 493 religio·

105 521 169 559 nem
182 511 320 558 vertentes
339 498 452 556 comitia
471 497 582 556 biennio
601 495 709 552 habita:
731 493 843 570 ‘priore
861 513 937 557 anno
949 497 1056 556 intole-

106 589 114 616 ‘
126 580 239 638 rnndmn
247 578 366 636 hiemem
374 577 559 654 prodigiisque
567 575 667 648 divinis
673 573 790 632 similem
799 586 923 632 coortam
933 597 940 632 :
949 579 1058 652 'proxi-

106 667 114 694 ‘
128 679 175 716 mo
187 677 243 716 non
252 657 385 734 prodigia,
393 657 442 714 sed
452 656 510 731 jam
521 665 643 722 eventus,
654 653 922 730 pestilentiam‘agris
931 657 1057 732 urbique

107 739 232 796 ‘illatam
252 737 326 794 hand
345 736 429 794 dubii
448 736 489 792 ira
508 734 622 792 Deirmz
643 752 712 808 quos
730 733 816 810 pestis
838 732 898 810 ejus
914 737 1058 799 arcendae

108 825 116 854 ‘
129 818 213 876 causi
225 816 371 894 placandos
392 835 460 882 esse,
481 815 510 872 in
523 814 597 871 libris
610 814 736 870 fatalibus
749 813 892 870 inventum
905 813 954 872 sit.
1000 815 1059 874 Co-

107 903 116 932 ‘
129 897 223 966 mitiis,
232 891 374 972 auspicum
387 913 458 970 quae
471 894 576 960 fierent,
591 893 734 968 iudignum
749 885 813 948 Diis
825 892 916 950 visum
930 893 1058 952 bonores

108 975 244 1052 ‘vulgari
271 974 482 1049 discriminaque
508 973 632 1048 gentium
659 969 807 1028 confundi!
851 973 1057 1050 Praeterquam

107 1056 250 1134 majestate
259 1053 424 1131 petentium,
434 1053 565 1128 religione
574 1052 656 1108 etiam
667 1051 777 1108 attoniti
786 1049 912 1118 homines
920 1053 1058 1129 patricios

108 1155 213 1204 omnes,
232 1147 339 1210 partem
358 1152 485 1208 magnam
505 1131 744 1190 honoratissimum
758 1149 904 1206 quemque,
926 1132 1059 1190 tribunos

209 1214 327 1272 militum
340 1213 476 1270 consulari
489 1221 625 1287 potestate
640 1229 774 1277 creavere,
790 1210 824 1266 L.
837 1209 985 1268 Valerium
1002 1213 1057 1269 Po-

108 1285 172 1388 }3'30·
209 1294 290 1350 titum
312 1292 447 1368 quintum,
469 1291 512 1348 M.
529 1289 668 1348 Valerium
689 1288 856 1356 Maximum,
874 1289 920 1346 M.
935 1290 1057 1348 Furium

159 1371 165 1385 ‘
211 1372 358 1430 Camillum
378 1372 488 1428 tertium
500 1375 516 1439 ¹,
537 1369 572 1426 L.
593 1369 705 1426 Furium
724 1367 909 1425 Medullinum
928 1371 1056 1438 tertium,

110 1453 147 1516 Q.
167 1451 313 1509 Servilium
334 1450 494 1508 Fidenatem
516 1450 625 1516 iterum,
646 1449 681 1512 Q.
704 1447 857 1524 Sulpicium
872 1449 1056 1508 Camerinum

109 1532 219 1588 iterum.
259 1530 315 1586 His
334 1528 452 1587 tribunis
466 1529 500 1586 ad
516 1527 601 1604 Vejos
614 1527 682 1584 nibil
702 1528 852 1584 admodum
873 1531 1056 1590 memorabile

109 1621 203 1668 actum
216 1621 268 1667 est.
303 1609 429 1667 Totuvis
442 1609 470 1664 in
485 1607 707 1684 populationibus
717 1607 778 1663 fuit.
806 1607 875 1664 Duo
888 1610 1056 1666 semmiim·

109 1702 258 1766 penatores,
280 1687 389 1745 Potitus
402 1707 420 1744 a
430 1687 552 1755 Faleriis,
568 1686 701 1744 Camillus
714 1705 730 1744 a
745 1685 866 1762 Capenri,
881 1689 1002 1762 praedes
1015 1690 1055 1756 in·

109 1781 206 1844 gentes
219 1787 309 1844 egere,
328 1767 404 1824 nulli
415 1767 546 1824 ineolumi
559 1767 655 1824 relicti
667 1787 707 1836 re,
721 1766 767 1824 cni
779 1767 852 1824 ferro
867 1779 916 1824 aut
932 1767 994 1843 igni
1007 1787 1056 1825 nn·

112 1849 168 1906 oeri
219 1859 283 1905 sset

127 1959 128 1966 κ
150 1867 218 1986 Xlli
239 1926 368 2001 Prodigia
386 1925 496 1983 interim
510 1925 599 1982 multe
611 1923 753 1992 nunciuri;
773 1923 894 1999 quorum
911 1925 1053 2001 pleraque,

111 2019 140 2065 et
159 2007 223 2082 quia
242 2005 342 2082 singuli
360 2018 485 2063 auctores
506 2019 592 2071 erant,
612 2023 708 2080 perum
729 2005 834 2062 credita
853 2018 1013 2080 spretaque,
1027 2015 1055 2062 et
1112 1999 1113 2034 ¹

113 2087 185 2162 quia,
196 2085 321 2144 hostibus
332 2084 465 2150 Etruscis,
476 2104 525 2160 per
535 2102 603 2159 quos
612 2103 645 2140 ea
654 2095 839 2158 pmcurerent,
848 2084 993 2160 aruspices
1001 2101 1054 2141 non

112 2179 198 2224 erant.
238 2165 273 2222 In
292 2184 377 2222 unum
399 2164 521 2222 omnium
542 2182 623 2220 curae
638 2181 731 2220 versae
749 2175 826 2230 sunt
845 2159 1053 2238 quantaeuis

113 2245 224 2302 Albano
236 2263 347 2322 nemore
361 2244 420 2301 sine
432 2243 496 2300 ullis
510 2241 675 2300 coelestibus
688 2242 775 2316 equis,
789 2243 981 2318 causave-qui
993 2243 1051 2310 alii,

113 2343 184 2397 qnae
197 2343 255 2380 rem
270 2323 401 2380 miraculo
414 2323 556 2390 eximeret,
576 2323 605 2378 in
618 2322 791 2380 altitudinem
805 2321 945 2381 insolitam
960 2323 1052 2381 crevit.

114 2402 252 2467 Quidnam
267 2420 301 2457 eo
310 2400 360 2457 Dii
373 2403 567 2476 portenderent
580 2401 714 2478 prodigio,
725 2401 801 2468 missi
810 2401 984 2459 sciscitatum
998 2421 1052 2460 ora·

18 2537 19 2544 ,
113 2495 188 2541 tores
200 2481 236 2538 ad
246 2477 415 2555 Delphicum
426 2481 580 2536 oraculum:
601 2482 649 2538 sed
659 2481 769 2556 propior
782 2481 916 2557 interpres
931 2481 997 2538 fatis
1010 2483 1053 2538 ob·

113 2562 186 2618 latus
199 2555 291 2618 senior
303 2559 414 2634 qnidam
429 2557 540 2634 Vejens,
556 2559 612 2633 qui,
632 2561 705 2617 inter
717 2561 873 2618 cavillantes
888 2561 914 2617 in
930 2561 1052 2618 stationi·

114 2643 166 2696 bus
179 2659 212 2698 uc
224 2638 357 2697 custodiis
371 2638 471 2694 milites
481 2637 621 2696 Romanos
633 2639 830 2714 Etruscosque,
840 2641 1051 2698 vaticinantium

18 2759 19 2764 κ
114 2719 237 2785 modum,
258 2717 386 2784 cecinit²‚
408 2724 417 2750 ⁴
432 2717 606 2790 Priusquam
621 2735 656 2775 ex
670 2719 733 2776 lacu
747 2719 943 2794 Albanosque
956 2721 1051 2777 emissa

18 2817 19 2862 ζ
116 2799 216 2864 (foret,
230 2815 370 2873 nunquam
383 2797 536 2873 potiturum
551 2796 627 2873 Vejis
641 2797 816 2854 Romanum!
856 2797 942 2862 Quod
956 2795 1050 2875 primi,

115 2877 192 2934 velut
205 2881 308 2934 temeie
316 2875 547 2952 jectumsperni,
562 2876 661 2952 agitari·
670 2877 771 2934 deinde
782 2878 959 2936 sermonibus
973 2897 1050 2953 coep

115 2969 176 3014 tum
189 2968 248 3023 est;
269 2956 358 3014 donec
366 2975 438 3014 unus
448 2975 483 3012 cx
492 2955 608 3014 statione
618 2956 746 3014 Romani
754 2968 951 3032 percunctatus
964 2957 1050 3033 proxi·

115 3055 191 3092 mom
205 3035 413 3112 oppidanorum,
424 3033 495 3110 (jum
509 3053 560 3110 per
570 3036 796 3110 longinquitatem
810 3035 876 3094 belli
888 3035 1050 3094 commercio

115 3133 272 3184 sermonum
282 3113 380 3186 factu)
396 3115 538 3187 ‘quisnam
552 3114 575 3169 i's
589 3128 669 3180 esset,
683 3113 730 3189 qui
743 3133 793 3190 per
802 3116 931 3189 ambages
945 3116 982 3174 de
995 3116 1049 3186 laon
1112 3155 1113 3164 2

116 3202 124 3228 ⁴
139 3195 248 3250 Albano
253 3191 359 3268 jaceret
368 3191 379 3223 ³
389 3192 411 3249 θ’
425 3205 568 3272 postquem
579 3193 683 3249 audivit
691 3193 843 3272 aruspicem
853 3214 922 3261 esse,
932 3196 974 3250 vir
982 3193 1048 3250 head

115 3273 210 3331 intecti
223 3271 354 3346 religione
368 3265 460 3341 animi,
475 3283 601 3332 causatus
616 3279 623 3306 ‘
638 3273 672 3329 de
681 3273 778 3348 privati
792 3273 912 3350 portenti
926 3289 1047 3350 procura·
1112 3327 1113 3354 ,

116 3427 318 3544 ggbfeel'w’
331 3425 423 3478 ΠΜ·
493 3405 574 3478 l'see
585 3444 609 3491 P·
621 3415 730 3492 522¹¹¹⁰te
742 3431 768 3506 4'.
836 3423 957 3493 'Jncereu
968 3429 1046 3496 supply
1112 3423 1113 3518 l
