2230 3846
96 218 153 277 lto
489 215 523 275 T.
543 215 643 274 LIVll

98 387 155 433 tem
175 393 226 450 per
244 393 324 449 agros
344 374 425 451 passi.
465 372 527 431 Nec
546 374 603 431 ullo
622 374 686 432 ante
698 372 772 430 bello
784 370 941 436 latidsinde
954 351 1037 435 actae

97 454 223 530 praedae.
264 453 363 510 Omnis
382 453 463 510 militi
481 454 547 512 duta
573 463 623 510 est.
664 452 848 509 Addebantur
873 465 902 509 et
927 453 1036 521 laudes,

98 533 206 608 quibus,
224 530 297 588 lraud
318 532 407 588 minias
420 531 501 607 quim
522 532 652 608 praemio,
672 531 793 606 gaudent
806 532 924 588 militnm
938 533 1037 590 enimi.

99 611 172 668 Tum
187 611 260 678 duci,
273 623 332 666 tum
347 624 458 686 propter
471 611 569 668 ducem
583 610 708 667 Patribus
722 605 831 684 qanue
844 611 977 686 placatior
984 631 1037 670 ex·

98 689 200 747 ercitus
212 689 310 756 rediit3
327 689 378 745 sibi
388 701 537 764 parentem,
552 689 630 746 alteri
638 689 770 746 exercitui
784 690 925 745 dominum
936 689 1039 747 datum

98 770 133 825 ab
153 779 258 834 senatu,
280 785 441 825 memorans.
482 768 565 825 varis
583 768 693 824 sonunt
709 767 783 834 belli,
797 769 882 825 atroci
895 768 1040 826 discordiis

99 846 175 904 domi
187 847 307 921 lorisque
320 865 421 904 annum
435 859 572 913 exactum,
585 846 719 921 insignem
734 845 853 904 maxime
862 846 975 904 comitia
985 849 1039 904 tri·

99 926 167 983 buta
186 925 325 992 efficiunt3
345 945 389 982 res
409 925 495 1001 major
509 925 622 983 victoriis
635 926 756 1000 suscepti
770 925 934 991 certaminis,
948 925 1037 1000 quim

99 1024 152 1062 usu
162 1003 180 1060 ¹.
221 1004 287 1078 Plus
300 1004 372 1060 enim
388 1004 528 1080 dignitatis
541 1003 661 1061 comitiis
674 1004 740 1079 ipsis
754 1004 907 1062 detractum
917 1016 969 1070 est,
980 1003 1039 1061 Pa·

98 1084 186 1140 tribus
206 1102 241 1140 ex
261 1083 377 1141 concilio
396 1084 599 1150 submovendis,
620 1081 702 1158 quim
716 1082 815 1141 virium
834 1095 883 1141 aut
895 1081 970 1159 plebi
984 1085 1038 1140 ad·

100 1163 188 1220 ditum
203 1173 253 1228 est,
268 1174 316 1218 aut
329 1162 471 1238 demptum
487 1161 615 1219 Patribus
623 1161 642 1218 ².

238 1239 316 1296 LXI.
338 1240 532 1298 Turbuleutior
550 1241 615 1298 inde
632 1259 719 1298 annus
732 1241 848 1317 excepit,
862 1239 898 1296 L.
913 1240 1039 1309 Valerio,

100 1299 163 1403 ἒξ
200 1317 235 1375 Τ.
250 1319 372 1376 Aemilio
381 1320 546 1387 consulibus,
558 1320 620 1376 crim
629 1331 740 1395 propter
750 1319 898 1376 certamina
906 1319 1039 1376 ordinum

200 1397 235 1453 de
258 1397 319 1472 lege
337 1399 449 1472 agrarii,
466 1411 525 1455 tum
545 1409 657 1474 propter
671 1397 806 1474 judicium
830 1401 886 1474 Ap.
907 1398 1039 1456 Claudii:

101 1475 155 1539 cui,
176 1476 308 1532 acerrimo
327 1477 480 1534 adversario
492 1476 569 1552 legis,
583 1495 747 1551 causamque
760 1495 947 1553 possessorum
962 1477 1039 1554 pub·

101 1553 147 1610 lici
160 1553 227 1628 agri,
241 1567 369 1629 tanquam
383 1559 464 1613 tertio
478 1556 590 1622 consuli,
605 1555 759 1623 sustinenti,
774 1554 818 1611 M.
833 1555 945 1612 Duilius
958 1568 988 1613 et
1002 1556 1040 1614 C.

103 1631 223 1690 Sicinius
243 1633 316 1689 diem
338 1634 432 1691 dixere
440 1634 461 1692 ³.
503 1634 651 1709 Nunquam
674 1636 739 1691 ante
758 1645 813 1691 mm
835 1635 939 1692 invisus
959 1635 1041 1710 plebi

102 1730 166 1768 reus
185 1712 220 1768 ad
235 1711 370 1787 judicium
385 1726 497 1771 vocatus
510 1714 605 1789 populi
618 1725 669 1780 est,
687 1713 784 1789 plenus
797 1733 916 1782 suarum,
937 1713 1040 1789 plenus

101 1802 275 1866 paternarum
295 1791 395 1848 irarum
405 1790 426 1848 ⁴.
467 1793 562 1849 Patres
579 1788 688 1868 quoque
711 1812 766 1848 non
786 1804 889 1849 temere
909 1811 959 1869 pro
979 1793 1041 1849 ullo

102 1871 189 1944 aeque
206 1869 294 1926 annisi
310 1883 390 1928 sunt:
418 1877 669 1948 ‘propugnatorem
690 1871 809 1939 senatuis,
834 1871 1041 1948 majestatisque

104 1954 112 1981 ‘
126 1947 262 2005 vindicem
275 1969 349 2017 suae,
364 1950 399 2007 sd
412 1969 507 2007 omncs
521 1950 681 2007 tribunicios
694 1951 868 2025 plebeiosque
879 1951 1041 2026 oppositum

104 2028 269 2095 ‘tumultus
290 2029 403 2085 modum
421 2029 554 2086 duntaxat
571 2029 599 2084 in
618 2029 766 2086 certamine
784 2047 933 2104 egressum,
951 2029 1041 2087 iratae

104 2105 207 2182 ‘objici
226 2106 315 2183 plebi.’
357 2108 437 2168 Unus
456 2127 473 2165 e
492 2108 627 2175 Patribus,
643 2109 702 2184 ipse
717 2109 774 2184 Ap.
789 2108 931 2174 Claudius,
946 2120 976 2166 et
990 2109 1041 2165 tri·

103 2185 200 2253 bunos,
215 2197 244 2242 et
257 2187 374 2261 plebem,
387 2198 416 2243 et
429 2206 509 2243 suum
519 2185 656 2263 judicium
670 2205 720 2261 pro
733 2185 818 2242 nihilo
831 2185 958 2243 habebat.
1000 2186 1039 2242 ll·

103 2263 160 2320 lum
175 2283 230 2320 non
244 2265 333 2321 minae
342 2265 438 2340 plebis,
453 2285 508 2322 non
522 2265 632 2322 senatuis
645 2285 739 2341 preces
752 2265 902 2342 perpellere
915 2284 1041 2340 unquam

124 2353 228 2410 otuere‚
237 2361 291 2399 uon
302 2345 384 2400 modb
394 2356 426 2400 ut
436 2357 540 2402 vestem
551 2356 669 2401 mutaret
679 2343 701 2411 ⁵,
715 2357 764 2401 aut
771 2345 886 2420 supplex
896 2357 1041 2420 prensaret

103 2361 247 2486 bominem
265 2422 314 2477 sed
331 2442 366 2479 ne
382 2435 414 2479 ut
432 2442 466 2479 ex
479 2423 611 2480 consueti
623 2423 734 2497 quidem
747 2425 894 2499 asperitate
908 2423 1041 2480 orationis

106 2502 201 2572 (quum
215 2499 250 2556 ad
264 2502 394 2576 populum
406 2502 514 2576 'agenda
526 2521 608 2559 causa
620 2503 708 2574 esset)
728 2501 830 2576 aliquid
844 2502 942 2560 leniret
954 2515 1041 2577 utque

105 2578 287 2636 submitteret.
327 2579 406 2636 Idem
420 2578 527 2636 habitus
540 2581 602 2648 oris,
617 2581 711 2637 eadem
726 2581 898 2637 contumacia
909 2581 938 2636 in
950 2583 1039 2648 vultu,

105 2656 179 2712 idem
203 2657 230 2713 in
248 2658 373 2715 oratione
389 2659 499 2734 spiritus
517 2672 593 2716 erut:
613 2659 683 2716 aded
702 2671 734 2714 ut
753 2677 852 2734 magna
871 2679 933 2735 pars
951 2660 1041 2735 plebis

107 2735 232 2811 Appium
252 2756 307 2793 non
321 2737 411 2794 minirs'
423 2757 500 2794 reum
514 2738 633 2806 timeret,
648 2736 728 2812 quiam
744 2737 884 2794 consulem
898 2739 1040 2796 timuerat.

109 2811 200 2871 Semel
215 2835 324 2872 cansam
339 2817 416 2883 dixit,
431 2835 486 2890 quo
500 2836 608 2893 semper
617 2835 697 2892 agere
708 2816 799 2872 omnia
809 2817 905 2874 solitus
915 2830 984 2884 erat,
996 2836 1040 2874 ac·

106 2894 243 2951 cusatorin
263 2895 368 2970 spiritu.
402 2897 538 2970 Adeoque
558 2895 711 2954 constantii
730 2896 780 2950 sui
799 2907 828 2951 et
848 2897 973 2953 tribunos
994 2897 1041 2951 ob·

106 2973 253 3048 stupefecit
266 2988 295 3030 et
307 2974 423 3050 plebem,
438 2987 470 3030 ut
483 2975 555 3031 diem
570 2975 622 3050 ipsi
636 2974 686 3030 sni
698 2974 839 3030 voluntate
847 2975 1040 3048 prodicerent:

106 3050 199 3110 trahi⁶
213 3053 312 3110 deinde
326 3073 383 3110 rem
397 3053 525 3111 sinerent.
566 3053 653 3110 Haud
666 3053 705 3109 ita
718 3053 836 3109 multum
846 3053 956 3110 interim
971 3067 1040 3111 tern-

141 3198 148 3227 ¹
168 3198 212 3246 See
228 3213 252 3258 p.
270 3198 323 3252 135,
335 3207 391 3246 note
406 3199 425 3246 l.
700 3195 710 3222 ¹
726 3198 787 3260 Livy
799 3200 855 3245 here
866 3197 989 3262 evidently
1001 3215 1041 3248 ex·

107 3280 198 3326 presses
206 3265 243 3312 his
253 3265 359 3326 opinion,
371 3267 429 3323 that,
440 3268 471 3328 by
484 3267 523 3313 the
533 3265 580 3314 law
591 3266 620 3314 ol
629 3265 726 3323 Volero,
738 3267 778 3312 the
788 3265 915 3327 patriciana
927 3281 991 3314 were
1001 3283 1041 3314 er-

107 3332 196 3380 eluded
208 3333 270 3378 srom
282 3333 321 3378 the
334 3337 432 3382 Comata
447 3336 553 3383 Tritura.
755 3333 765 3361 ¹
783 3335 826 3382 See
837 3349 861 3394 p.
879 3333 934 3390 109,
947 3344 1005 3382 note
1016 3334 1038 3381 2.

110 3400 120 3429 ⁴
136 3405 231 3456 Plenus,
242 3401 287 3447 dre.
303 3398 366 3461 sully
376 3399 445 3447 leden
458 3401 515 3447 with
533 3403 573 3447 tbe
590 3399 695 3461 people’s
712 3401 766 3447 hate
777 3401 870 3464 against
881 3401 982 3448 himself
995 3400 1039 3448 and

109 3466 146 3514 lris
157 3467 240 3516 iether.
331 3468 342 3496 ⁸
361 3467 404 3515 See
415 3483 439 3528 p.
456 3467 508 3520 132,
521 3478 577 3515 note
587 3467 611 3515 3.
713 3467 723 3494 ⁸
744 3471 844 3516 Trahere
854 3485 912 3524 rem,
924 3469 966 3514 tbe
977 3483 1040 3515 same

109 3547 135 3581 as
146 3539 237 3595 ducere,
248 3538 372 3594 extrutere,
384 3543 410 3582 to
421 3542 466 3595 put
475 3534 517 3594 off,
529 3544 554 3582 tc
562 3532 671 3597 prolong,
680 3543 706 3582 to
715 3541 825 3595 protract.
857 3533 926 3584 Here
937 3535 1040 3592 Crevier,
