2224 3862
124 182 183 240 2⁷0
516 175 550 234 Τ.
570 174 670 234 LIVll

125 335 294 396 ‘tribunicia
312 333 409 392 umbria
426 333 596 394 consularem
609 333 697 392 virum
718 333 874 392 delituisse!
916 332 1008 394 Mona
1026 336 1062 392 ad

126 416 254 494 collegas,
278 421 286 449 ‘
310 414 366 472 Vos
383 425 485 481 nutem,
503 415 527 470 si
547 433 624 470 reum
645 433 754 489 perago,
775 413 842 488 quid
861 413 952 471 acturi
973 415 1060 472 estis?

127 503 134 530 ‘
149 515 184 553 an
201 493 322 569 erepturi
330 493 377 570 jus
390 493 501 569 populo,
512 506 541 551 et
554 492 674 550 eversuri
683 493 855 550 tribuniciam
864 505 1030 568 potestatem
1039 493 1063 551 Υ

127 575 223 712 ιίὶίιίιιιιι
236 573 302 665 illis
318 586 347 630 et
361 573 396 630 de
411 572 580 708 Seml‘ffijig,
587 585 616 628 et
629 573 664 628 do
678 571 804 686 omnibns
817 591 954 708 suplsmam
969 573 1062 709 P⁰l³⁰l¹l

127 662 711 806 r,lltllltlzf‘ltltrlilla
723 670 1063 808 liitZlJlulilltllllf

126 819 134 846 ⁸
147 824 247 879 ratam,
260 811 308 885 qui
321 810 372 867 sibi
385 809 505 885 parentis
518 821 591 867 esset
604 809 675 875 loeo,
689 808 1061 876 nonvuluissent,seveeteu1

126 898 211 958 ‘cuns
232 909 266 962 ep
286 901 439 946 mutaturos
449 900 456 929 ¹
468 887 483 955 ς’
504 901 564 946 tum
585 887 761 956 Hortensius,
777 895 784 922 ¹
800 888 864 946 Non
877 888 1003 962 videbit,’
1022 891 1059 946 iu-

124 969 193 1045 quit,
208 976 216 1004 ⁴
229 970 306 1046 plebs
322 969 448 1026 Romana
460 968 612 1026 sordidatos
626 967 749 1025 tribunos
768 986 840 1024 suos.
881 968 914 1026 C.
932 968 1061 1046 Sempro-

124 1059 131 1085 ‘
146 1050 223 1106 nium
236 1047 304 1106 nihil
317 1067 416 1115 moror,
430 1047 540 1122 quando
553 1046 606 1104 hoe
619 1057 661 1104 est
674 1047 703 1103 in
716 1047 831 1123 imperio
844 1060 1021 1116 consecutus,
1031 1061 1060 1106 ut

123 1137 135 1194 ⁴,
147 1141 203 1188 tam
217 1147 295 1186 carus
309 1137 382 1185 esset
395 1125 545 1184 militibus!
585 1124 647 1184 Neo
655 1125 742 1201 pietas
751 1139 868 1202 quatuor
875 1126 1060 1194 tribnuomm‚

123 1206 206 1284 quim
220 1206 365 1268 Hortensii
378 1218 435 1264 tam
448 1205 578 1283 placabile
592 1205 626 1262 ad
634 1203 725 1281 justae
738 1224 833 1280 preces
846 1205 1000 1281 ingenium,
1016 1227 1058 1284 pa·

123 1289 189 1346 riter
207 1287 282 1364 plebi
303 1285 484 1360 Patribueqne
509 1284 611 1361 gratior
630 1284 690 1342 fuit.
730 1283 795 1342 Non
822 1284 926 1342 diutius
952 1287 1059 1344 fortuna

123 1367 232 1442 Aequis
245 1366 368 1434 indulsit,
382 1365 430 1440 qni
442 1363 599 1440 ambiguam
612 1363 752 1422 victoriam
768 1362 932 1422 Volscorum
946 1385 1000 1442 pro
1011 1367 1058 1423 snb

122 1444 242 1522 amplexi
254 1445 370 1502 fuerant.

264 1523 374 1580 XLIll.
392 1522 522 1580 Proximo
531 1541 602 1581 anno
613 1523 651 1580 N.
661 1521 746 1580 Fabio
755 1521 900 1589 Vibulano,
911 1523 944 1580 T.
955 1524 1056 1588 Quina·

123 1595 184 1699 {bal
223 1603 272 1669 tio,
287 1601 437 1679 Capitolini
450 1601 515 1669 filio,
529 1603 685 1678 Capitolino
695 1601 863 1671 consulibus,
873 1603 962 1660 ductu
973 1604 1054 1670 Fabii,

223 1681 268 1740 eui
282 1694 355 1739 sorte
368 1700 401 1738 aa
417 1681 556 1757 provincie
575 1694 712 1746 evenerat,
732 1679 798 1738 nibil
818 1681 932 1756 dignum
955 1702 1053 1740 memo·

121 1773 184 1820 ratu
206 1773 307 1819 actum.
348 1760 443 1824 Quum
469 1759 603 1836 trepidam
630 1761 736 1818 tantum
759 1761 944 1818 ostendissent
970 1763 1055 1820 aciem

123 1839 225 1918 Aequi,
245 1839 319 1916 turpi
338 1839 403 1913 fugi
422 1838 583 1909 illuduntur,
604 1837 678 1897 haud
697 1858 796 1914 magno
816 1840 936 1897 consulis
951 1841 1055 1900 decore.
1095 1859 1096 1897 ι

120 1920 219 1997 ltaque
240 1917 395 1995 triumphus
415 1930 538 1994 negatur.
579 1918 709 1978 Ceterum
724 1917 760 1976 ob
775 1918 990 1995 Sempronianae
1004 1921 1051 1978 ola·

121 2001 164 2058 dis
183 2001 299 2058 levatam
321 1997 506 2074 ignominiam,
527 2009 559 2055 ut
571 1999 676 2056 ovans²
696 1999 792 2056 urbem
810 1997 933 2065 intraret,
948 2019 1052 2058 conces·

121 2099 183 2137 sum
202 2091 256 2146 est,
294 2077 535 2142 Quemadmodum
552 2077 655 2135 bellum
675 2078 788 2145 minore,
802 2075 885 2152 quam
899 2078 1049 2145 timuerant,
1094 2109 1095 2140 l

121 2158 297 2216 dimicatione
310 2168 369 2214 eret
381 2157 542 2232 perfectum,
557 2156 596 2214 sie
610 2156 638 2213 in
651 2157 718 2214 urbe
732 2177 767 2214 ex
780 2158 926 2232 tranquillo
934 2165 988 2216 'nee
998 2158 1051 2234 opi·
1094 2143 1095 2189 l

119 2249 184 2295 nata
203 2236 291 2294 moles
310 2235 506 2293 discordiarum
525 2235 597 2292 inter
615 2235 724 2312 plebem
737 2255 770 2293 ao
784 2235 881 2294 Patres
894 2252 991 2295 exorta
1003 2249 1048 2302 eat,

119 2327 218 2391 onepta
230 2317 264 2372 ab
278 2313 442 2391 duplicando
461 2326 637 2391 quaestomm
656 2334 780 2372 numero.
819 2315 911 2379 Quam
926 2337 984 2374 rem
998 2315 1048 2392 (ut,
1093 2385 1094 2390 ἵ

118 2407 227 2470 praeter
239 2393 309 2450 dnos
321 2392 439 2450 urbanos
453 2405 619 2468 quaestores,
631 2394 687 2452 duo
695 2393 852 2452 consulibus
860 2395 896 2452 ad
905 2395 1047 2453 ministeria
1093 2409 1094 2450 l

119 2473 184 2532 belli
204 2483 313 2548 praesto
331 2469 440 2548 esseut)
460 2491 477 2528 a
496 2473 653 2530 consulibus
672 2473 794 2539 relatam,
814 2492 899 2548 quum
917 2487 947 2532 et
962 2475 1046 2532 Patres
1093 2459 1094 2483 ¹

119 2552 228 2610 summi
241 2571 293 2628 ope
306 2551 509 2628 approbassent,
524 2551 681 2609 consulibus
694 2552 797 2609 tribuni
816 2553 904 2628 plebis
917 2567 1046 2610 certamen

118 2631 278 2699 intulerunt,
297 2643 330 2688 nt
346 2649 408 2708 pars
428 2641 602 2705 quaestorum
624 2631 702 2704 (nam
722 2632 758 2687 ad
778 2631 806 2686 id
826 2643 937 2707 tempus
951 2632 1045 2708 patricii

119 2710 204 2768 creati
223 2708 316 2784 erant)
330 2730 365 2768 ex
378 2709 459 2786 plebe
473 2709 559 2768 fieret.
602 2711 743 2766 Adversus
756 2729 837 2784 quam
852 2711 988 2770 notionem
998 2711 1044 2787 pri·-

118 2790 165 2847 mb
178 2801 206 2847 et
220 2790 345 2848 consules
358 2802 387 2848 et
398 2789 493 2849 Patres
501 2789 609 2846 summis
617 2807 669 2864 ope
679 2789 765 2846 adnisi
777 2801 857 2846 sunt:
878 2790 1045 2852 coneedendo

118 2869 227 2936 deinde,
241 2880 281 2936 ut,
295 2868 526 2943 quemadmodum
541 2869 569 2924 in
578 2868 693 2924 tribunis
702 2869 836 2926 consulari
847 2881 984 2944 potestate
993 2889 1043 2928 cre·
1091 2905 1092 2928 ι

109 2947 195 3004 andis
214 2948 257 3004 usi
277 2959 349 3016 sunt,
370 2948 492 3022 adaeque
512 2947 540 3003 in
560 2947 748 3022 quaestoribus
768 2948 884 3005 liberum
898 2961 972 3006 esset
983 2948 1043 3006 arbi-

117 3028 200 3084 trium
220 3027 322 3103 populi,
337 3046 421 3104 quum
436 3045 531 3103 parum
546 3026 717 3104 proficerent,
732 3037 817 3084 totam
831 3047 888 3084 rem
903 3029 939 3085 de
953 3046 1043 3103 augen-

116 3106 153 3162 do
173 3120 348 3182 quaestorum
368 3125 483 3162 numero
503 3105 643 3163 omittunt.
684 3105 836 3181 Excipiunt
856 3107 984 3164 omissam
1004 3105 1042 3162 tri·

117 3185 192 3251 buni,
206 3185 328 3260 aliaeque
342 3185 467 3251 subinde,
481 3183 553 3241 inter
567 3204 635 3260 quas
647 3195 675 3242 et
688 3186 809 3260 agrariae
818 3185 894 3260 legis,
906 3186 1042 3244 seditiosae

116 3265 237 3322 actiones
257 3263 409 3320 exsistunt:
427 3275 538 3339 propter
558 3283 626 3338 quos
646 3276 737 3320 motus
758 3283 842 3338 quum
863 3277 974 3322 senatus
986 3283 1042 3321 con·

115 3343 197 3413 eules,
218 3341 301 3419 quam
318 3342 449 3409 tribunos,
469 3342 555 3402 creari
575 3342 676 3410 mallet,
697 3361 787 3417 neque
799 3355 892 3418 posset
905 3361 956 3419 per
968 3343 1040 3400 inter·

259 3502 266 3530 ¹
286 3501 365 3564 Seep.
380 3499 435 3557 132,
448 3499 540 3550 naseu
615 3496 625 3526 ¹
643 3499 687 3549 See
697 3515 722 3562 p.
740 3498 794 3557 156,
806 3509 862 3549 note
874 3501 898 3550 2.
1038 3525 1040 3532 >

1085 3691 1089 3803 l
