2224 3862
427 253 551 312 LIBER
573 253 627 312 III.
945 255 1002 310 205

69 415 110 470 'ab
123 413 195 482 urbe,
209 415 239 470 in
256 414 376 488 quirnea
390 413 530 489 pudicitia,
542 435 594 471 nec
608 415 717 470 libertas
731 416 825 470 sancta
838 410 930 479 esset‚'
944 414 999 468 rui·

64 494 199 550 notabiliter
213 497 377 568 rogitantes.
418 494 512 556 Quum
528 508 604 550 vasta
616 495 721 551 Romae
732 492 823 548 omnia
831 493 939 549 insueta
949 511 993 548 so·

63 572 135 628 litudo
147 573 272 639 fecisset,
295 573 323 628 in
343 574 402 629 foro
418 587 528 647 praeter
544 593 647 649 paucos
660 571 797 628 seniorum
813 589 894 626 neruo
905 575 993 638 essen

60 652 146 708 rotatis
161 654 265 727 utique
280 652 310 706 in
324 664 448 708 senatum
464 652 599 719 Patribus,
615 653 753 709 desertum
768 650 938 725 apparuisset
950 653 991 708 fo·

11 785 12 804 ,
59 749 123 786 rum:
137 732 232 806 plures
242 731 311 808 jam,
327 730 409 805 quatu
425 730 559 788 Horatius
573 743 602 788 et
617 732 750 809 Valerius,
766 730 991 798 vociferabantur,-

11 809 12 820 ¹
60 808 142 871 ‘Quid
156 811 367 886 exspectabitis.
408 809 503 866 Patres
514 811 661 885 conscripti
672 810 685 866 P
709 809 739 866 Si
750 809 897 864 decemviri
907 810 992 868 finem

59 891 236 962 ‘pertinaciae
256 909 313 946 non
333 888 445 956 faciunt,
465 909 544 946 ruere
564 909 597 947 ac
617 884 765 962 deflagrare
779 888 871 944 omnia
885 891 991 962 passuri

57 968 151 1025 lestis?
185 970 275 1032 Quod
296 981 388 1024 autern
407 968 483 1024 istud
502 970 647 1046 imperium
666 982 717 1034 est,
738 967 895 1034 decemviri,
916 970 991 1042 quod

57 1047 185 1122 ‘amplexi
207 1047 335 1105 tenetls?
363 1048 458 1104 Tectis
478 1067 510 1104 aa
529 1049 679 1124 parietibus
694 1047 758 1122 jura
777 1047 878 1102 dicturi
898 1048 991 1105 estis?

57 1123 129 1181 ‘Non
144 1129 248 1202 pudet,
263 1128 391 1184 lictorum
405 1140 556 1182 vestrorum
572 1128 701 1203 majorem
714 1145 952 1202 propenumeruur
961 1127 990 1182 in

56 1205 122 1262 ‘loro
135 1207 274 1282 conspici,
290 1203 373 1280 quam
388 1219 543 1280 togatorum
554 1206 748 1280 aliorumque?
770 1205 854 1270 Quid,
865 1206 888 1260 ri
896 1203 991 1262 hostes

57 1285 101 1339 ‘ad
118 1286 220 1342 urbem
238 1287 357 1350 veniant,
377 1285 476 1342 facturi
496 1286 586 1342 estis?
608 1285 684 1360 quid,
705 1285 727 1340 si
748 1285 825 1358 plebs
846 1303 919 1352 mox,
941 1285 991 1341 ubi

56 1368 157 1436 ‘parum
170 1365 332 1422 recessione
346 1383 514 1431 moveamur,
530 1378 635 1421 armata
647 1363 761 1420 veniat?
784 1363 929 1420 Occasune
942 1384 990 1421 ur*

56 1443 107 1498 ‘bis
120 1444 204 1500 vultis
220 1445 300 1500 finire
315 1443 482 1518 imperium?
505 1444 595 1518 Atqui
608 1457 656 1501 aut
669 1443 746 1519 plebs
760 1463 814 1499 non
829 1455 871 1499 est
889 1442 990 1500 baben·

55 1522 107 1588 ‘da,
121 1536 169 1579 aut
185 1523 309 1578 habendi
322 1534 386 1578 sunt
400 1523 610 1598 tribuniplebis.
653 1524 712 1579 Nos
726 1523 806 1579 sititis
820 1524 989 1580 caruerimus

55 1600 185 1675 ‘patriciis
208 1601 423 1676 magistratibus,
446 1601 528 1676 quam
548 1603 587 1658 illi
615 1603 738 1678 plebeiis.
779 1601 886 1658 Noram
912 1603 988 1659 inex·

55 1684 231 1756 ‘portamque
251 1701 312 1736 eam
330 1693 494 1756 potestatem
515 1681 639 1757 eripuere
661 1681 782 1758 patribus
802 1682 911 1748 nostris,
935 1682 988 1739 uel

55 1763 144 1826 'nuuc
168 1761 321 1816 dulcedine
353 1760 436 1816 semel
465 1761 546 1836 capti,
574 1762 661 1817 lerant
688 1760 873 1826 desiderium
902 1781 987 1835 quum

56 1840 228 1911 'praesertim
249 1859 301 1895 nec
317 1858 367 1894 nos
388 1853 572 1912 temperemus
595 1841 725 1914 imperiis,
753 1860 808 1914 quo
833 1841 922 1897 minlrs
948 1841 989 1896 illi

55 1921 60 1948 ⁶
71 1918 156 1974 auxilii
172 1917 293 1992 egeant!
334 1919 427 1980 Quum
443 1917 510 1974 baec
520 1939 555 1975 ex
564 1921 638 1975 omni
649 1933 726 1994 parta
732 1917 910 1990 jactarentur,
921 1921 987 1976 victi

53 2013 178 2053 consensu
196 1997 356 2062 decemviri,
380 1998 507 2052 ‘futuros
520 2017 558 2061 se,
573 2001 683 2072 quando
697 2000 736 2053 ita
750 1998 881 2064 videatur,
897 1999 924 2054 in
939 2017 987 2072 po·

53 2083 164 2134 ‘testate
186 2075 331 2132 Patrum’²
352 2077 496 2132 affirmant.
536 2077 569 2132 Id
591 2078 674 2134 modb
691 2075 772 2132 simul
788 2089 866 2132 orant
882 2096 915 2132 ac
929 2095 989 2132 moe

52 2169 114 2219 nent,
129 2165 137 2190 ‘
152 2167 187 2210 ut
201 2155 268 2227 ipsis
278 2157 316 2212 -ab
330 2157 432 2211 invidia
445 2168 590 2211 caveatur:
611 2175 721 2212 necsuu
731 2155 862 2230 sanguine
875 2155 911 2211 ad
921 2175 986 2230 sup-

51 2234 142 2307 ‘plicia
160 2235 275 2290 Petrum
292 2236 398 2308 plebem
413 2234 610 2290 assuefaciant!

82 2312 163 2370 LllI.
187 2313 260 2369 Turn
277 2314 402 2370 Valerius
418 2314 614 2388 Horatiusque,
628 2313 705 2370 missi
718 2315 753 2371 ad
767 2313 875 2389 plebem
890 2313 985 2371 condi·

50 2390 170 2459 tionibus,
186 2392 288 2466 quibus
302 2394 448 2456 videretur,
461 2394 641 2450 revocandam
661 2394 918 2469 componendasque
932 2413 985 2464 res,

50 2469 206 2529 decemviris
222 2473 332 2546 qudque
352 2473 386 2528 ab
406 2473 446 2527 iria
465 2484 494 2528 et
507 2473 613 2548 impetu
627 2473 809 2532 multitudinis
823 2491 985 2548 praecavere

46 2545 179 2620 jubentur.
223 2551 343 2606 Profecti
364 2552 465 2626 gaudio
485 2553 590 2626 ingenti
603 2553 690 2628 plebis
704 2554 731 2609 in
746 2567 834 2610 castra
847 2554 986 2628 accipiun-

49 2639 103 2696 tur;
124 2630 230 2706 quippe
250 2630 410 2700 liberatores
429 2628 502 2686 baud
516 2631 599 2688 dubie
613 2644 641 2688 et
655 2632 747 2689 motbs
760 2632 847 2698 initio,
865 2644 894 2689 et
910 2633 987 2690 exitu

48 2709 89 2762 rei.
129 2711 177 2765 Ob
192 2709 260 2764 baec
274 2709 482 2766 advenientibus
496 2711 599 2783 gratiae
612 2724 698 2767 actae.
739 2710 833 2767 Icilius
845 2730 896 2786 pro
914 2713 984 2768 mul·

48 2785 160 2844 titudine
173 2787 259 2844 verba
271 2789 344 2844 lacit.
385 2788 473 2854 Idem,
489 2809 572 2862 quum
588 2791 622 2846 de
637 2790 838 2846 conditionibus
849 2805 985 2865 ageretur,

48 2867 237 2938 quaerentibus
248 2867 353 2941 legatis,
370 2875 377 2901 ⁸
391 2887 461 2941 quae
471 2869 608 2943 postulata
616 2869 704 2944 plebis
713 2867 822 2933 essent,'
833 2873 986 2946 composito

43 2943 93 3018 jam
113 2959 179 3004 ante
201 2947 350 3002 adveutum
365 2947 516 3022 legatorum
531 2949 653 3015 consilio,
674 2967 707 3004 ea
720 2949 878 3024 postulavit,
894 2963 925 3007 ut
938 2971 985 3026 ap·

47 3039 157 3098 pareret,
171 3026 354 3099 inaequitate
368 3046 457 3082 rerum
473 3027 543 3101 plus,
557 3027 638 3100 quam
653 3028 681 3082 in
695 3028 787 3093 armis,
807 3029 903 3104 reponi
918 3031 986 3106 spei.

47 3103 215 3162 Potestatem
238 3106 311 3160 euim
328 3105 510 3171 tribuniciam,
524 3107 801 3181 provocationemque
815 3109 985 3184 repetebant,

46 3201 110 3255 quae
123 3197 190 3241 ante
205 3184 376 3240 decemviros
389 3197 495 3242 creatos
509 3185 610 3241 auxilia
623 3185 710 3260 plebis
723 3186 839 3252 fuerant,
852 3200 880 3244 et
894 3208 929 3244 ne
940 3189 986 3245 cui

47 3263 128 3318 fraudi
151 3275 235 3329 esset,
256 3266 379 3320 concisse
400 3263 500 3318 milites
513 3276 561 3320 aut
574 3265 681 3339 plebem
696 3266 731 3321 ad
745 3267 921 3341 repetendam
936 3287 986 3341 pet

47 3343 225 3398 secessionem
246 3342 410 3399 libertatem.
450 3341 496 3398 De
517 3344 733 3400 decemvirorum
754 3346 837 3400 modb
851 3344 985 3418 supplicio

47 3435 119 3477 atrox
140 3421 312 3497 postulatum
329 3422 390 3478 fuit.
430 3421 506 3478 Dedi
520 3421 621 3496 quippe
635 3441 683 3478 eos
696 3441 814 3496 aequum
830 3423 986 3488 censebant,

76 3553 149 3636 lite,
163 3578 217 3641 (for
230 3578 334 3640 nedum)
347 3579 418 3624 much
431 3576 485 3625 less.
561 3573 571 3601 ¹
590 3579 633 3625 See
644 3593 666 3638 p.
684 3577 739 3633 tto,
752 3583 808 3621 note
820 3573 843 3624 4.

511 3661 525 3700 S
