2262 3858
53 260 56 280 .
119 222 178 280 ets
491 220 525 280 T.
545 221 645 281 LIVII

119 387 128 414 ⁴
142 379 236 446 Deos;
257 380 286 436 in
299 379 378 438 Joris
392 381 474 457 epulo
487 401 553 438 num
562 382 634 448 alibi,
644 379 725 457 quim
735 379 763 437 in
773 380 920 457 Capitolio,
930 383 1058 458 pulvinar

118 460 242 536 ‘suscipi
261 460 379 535 potest?
400 461 475 524 Quid
489 461 524 518 ds
544 461 661 518 setemie
677 459 778 518 Vestae
791 461 900 535 ignibus
913 462 1056 538 signoque,

120 539 215 614 ‘qnod
229 539 336 614 imperii
349 539 448 616 pignus
464 541 590 596 custodiis
609 539 668 616 ejus
688 540 783 616 templi
803 553 920 608 tenetur,
936 541 1056 616 loquar?

118 618 206 692 ‘qnid
221 618 256 674 do
269 615 401 675 ancilibus
414 619 519 682 vestris,
535 618 613 676 Mers
628 619 758 686 Gradive,
777 631 862 694 tuque
877 619 995 683 Quirine
1010 642 1057 697 pa·

118 704 182 754 ‘ter
193 697 225 754 ¹?
247 695 420 754 haecomnia
438 697 467 753 in
487 698 600 773 profano
620 698 708 754 deseri
725 699 813 774 placet
826 717 911 766 sacra,
932 701 1058 774 aequalia

118 783 125 808 ‘
139 776 210 842 urbi,
224 777 358 851 quaedam
372 777 523 834 vetustiora
536 777 640 853 origine
650 777 748 836 urbis?
771 777 809 834 Et
817 777 917 844 videte,
932 780 1000 853 qnid
1014 780 1056 836 in-

117 861 181 912 ‘tsr
199 875 249 912 nos
269 875 302 914 ac
320 854 436 932 majores
456 856 571 913 intersit.
612 856 656 912 llli
676 875 752 914 sacra
769 857 902 931 quaedam
917 857 946 912 in
961 871 1056 917 moute

116 935 250 992 ‘Albano
271 933 462 1009 Lavinioque²
489 937 567 992 nobis
587 936 711 992 iacienda
730 936 908 992 tradiderunt.
951 938 1001 994 An
1021 959 1056 996 ex

116 1019 125 1046 ⁴
141 1012 260 1071 hostium
277 1014 391 1072 urbibus
407 1015 523 1071 Romam
538 1015 574 1072 ad
586 1035 637 1071 nos
651 1016 788 1072 transferri
803 1033 879 1072 sacra
892 1015 1053 1091 religiosum

117 1098 124 1126 ‘
138 1093 208 1150 fuit:
229 1091 293 1151 hine
306 1093 365 1150 sins
378 1092 506 1170 piaculo³
520 1095 549 1150 in
562 1093 681 1152 hostium
699 1096 795 1151 urbem
809 1093 895 1171 Vejos
908 1097 1056 1154 transiere·

117 1172 224 1229 ‘musi
247 1173 449 1239 Recordamini,
470 1173 618 1248 agitedum,
640 1173 747 1248 quoties
763 1191 839 1230 sacra
858 1174 1055 1243 instaurentur,

117 1257 124 1284 ⁴
139 1252 203 1326 qnia
215 1252 319 1327 aliquid
329 1253 460 1328 expatrio
474 1254 528 1309 ritu
538 1253 705 1328 negligentis
719 1271 817 1309 casuve
831 1255 1054 1327 praetermissum

114 1337 123 1361 ‘
137 1343 188 1387 est.
227 1330 318 1389 Modb
331 1350 401 1406 quoe
414 1351 468 1399 res,
482 1346 544 1408 post
557 1332 711 1408 prodigium
728 1332 829 1388 Albani
843 1331 928 1400 lectis,
946 1333 1000 1389 nisi
1014 1335 1055 1390 in-

116 1411 269 1468 ‘staurotio
287 1430 424 1468 sacrorum
443 1411 681 1487 auspiciorumque
701 1411 849 1478 renovatio,
863 1411 980 1469 affectae
998 1413 1056 1470 Ve⁴

116 1496 124 1522 ‘
135 1488 205 1566 jenti
218 1490 290 1546 bello
303 1491 469 1566 reipublicae
483 1491 604 1548 remedio
614 1491 689 1547 fuit?
714 1492 755 1546 At
766 1491 858 1557 etiem,
869 1502 1000 1566 tanquam
1009 1512 1054 1550 ve·

116 1574 124 1600 ‘
138 1580 227 1625 terunt
241 1569 402 1643 religionum
415 1589 559 1635 memores,
568 1583 597 1626 et
610 1569 766 1645 peregrinos
776 1569 853 1626 Deos
864 1571 1054 1629 transtulimus

117 1653 124 1680 ‘
139 1647 267 1716 Romam,
285 1661 314 1705 et
327 1648 496 1706 instituimus
509 1667 604 1705 novos.
642 1648 718 1705 Jnno
732 1649 849 1724 Regina,
870 1661 1026 1708 transvecta
1038 1673 1055 1709 a

116 1731 124 1758 ‘
139 1725 224 1802 Vejis,
242 1746 330 1803 nuper
344 1728 371 1784 in
386 1728 527 1785 Aventino
540 1727 622 1802 quim
636 1727 736 1803 insigni
752 1729 787 1784 oh
802 1729 938 1806 excellens
953 1743 1054 1788 matro-

116 1811 124 1838 ⁸
138 1824 233 1862 narum
247 1806 369 1863 studium
387 1807 542 1882 celebrique
557 1807 684 1864 dedicate
696 1820 738 1864 est
754 1807 823 1864 die?
853 1808 910 1885 Ajo
932 1808 1054 1868 Locutio

116 1886 282 1962 ‘'templum,
295 1899 407 1963 propter
420 1887 566 1944 coelestem
580 1905 676 1943 vocem
691 1887 847 1944 exauditum
862 1888 889 1942 in
907 1887 989 1945 Novis
1001 1890 1053 1956 vit,

116 1970 124 1998 ⁴
133 1963 266 2040 jusimus
275 1965 353 2023 fieri:
375 1965 544 2042 Capitolinos
554 1967 634 2023 ludos
644 1966 799 2022 solennibus
807 1965 867 2023 eliis
877 1966 1053 2024 addidimus:

116 2045 337 2122 ‘collegiumque
358 2046 393 2102 ad
414 2046 444 2102 id
464 2066 576 2112 novum,
603 2058 714 2103 auctore
741 2058 847 2109 senatu,
868 2046 1052 2103 condidimus.

116 2131 124 2156 ‘
139 2123 215 2187 Quid
228 2123 325 2182 horum
339 2143 409 2201 opus
423 2127 475 2184 luit
488 2125 598 2201 suscipi,
612 2125 635 2181 si
648 2123 702 2181 nni
716 2145 779 2181 cum
788 2123 876 2182 Gallis
886 2126 985 2182 orbern
997 2127 1052 2183 Ro-

115 2210 245 2260 ‘·manarn
260 2205 381 2262 relicturi
393 2206 517 2263 fuimus?
538 2205 629 2260 sinon
643 2203 782 2260 voluntate
794 2203 945 2260 mansimus
959 2205 988 2262 in
1001 2205 1052 2264 Cs-

116 2288 123 2314 ‘
138 2283 234 2356 pitolio
250 2303 299 2358 per
318 2295 361 2340 tot
381 2304 488 2342 menses
501 2282 673 2341 obsidionis?
696 2283 767 2339 siah
781 2280 905 2340 hostibus
919 2299 998 2341 metu
1012 2305 1052 2342 re·

88 2400 91 2408 ·
116 2368 125 2392 ‘
139 2361 208 2418 tenti
221 2363 340 2420 sumus?
361 2363 408 2420 De
421 2364 504 2424 sacris
518 2362 656 2436 loquimur
669 2374 698 2418 et
714 2362 749 2418 de
761 2362 890 2437 templis:
911 2364 980 2438 quid
994 2377 1052 2422 tan-

115 2439 199 2496 ‘dem
214 2440 249 2502 do
263 2441 470 2499 sacerdotibus?
503 2441 603 2498 Nonne
623 2441 652 2497 in
675 2453 794 2498 mentem
816 2442 898 2508 venit,
917 2458 1052 2516 quantum

116 2525 125 2552 ⁴
139 2517 239 2594 piaculi
260 2519 469 2577 committatur?
496 2519 652 2576 Vestalibus
666 2539 766 2595 nempe
779 2539 834 2577 una
847 2521 892 2577 illa
906 2523 989 2579 sedes
1003 2537 1051 2588 est,

116 2597 1051 2737 ⁴hbtttll''llht'lhl‘littthl'lttt‘tfttt

116 2761 123 2790 ⁸
138 2754 202 2812 Hos
219 2753 346 2832 Vejentes
360 2776 410 2834 pro
425 2758 557 2814 Romanis
574 2757 670 2814 facturi
684 2758 749 2814 estis
763 2757 927 2823 sacerdotes,
939 2771 970 2816 et
985 2759 1049 2816 Ves-

116 2841 124 2868 ‘
138 2835 205 2892 tales
219 2847 282 2892 tuae
295 2849 323 2893 to
336 2837 471 2904 deserent,
487 2837 594 2894 Vesta?
619 2848 649 2893 et
663 2835 762 2893 flamen
776 2839 889 2912 peregre
903 2835 1050 2896 habitando

115 2921 122 2948 ‘
137 2914 165 2971 in
179 2914 298 2989 singulas
311 2929 406 2974 noctes
423 2929 529 2974 tantam
550 2916 602 2972 sibi
622 2915 716 2990 reique
731 2915 857 2992 publicae
870 2917 974 2992 piaculi
987 2937 1048 2976 con·

148 3073 154 3102 ¹
174 3072 258 3120 Eitber
269 3075 369 3123 because
383 3073 502 3124 Romulus
514 3091 562 3122 was
573 3076 613 3124 the
624 3074 724 3136 reputed
735 3090 779 3123 son
790 3075 820 3122 of
828 3075 904 3134 Mers,
914 3091 943 3124 or
953 3077 1048 3124 because
1112 3077 1113 3123 i

113 3141 153 3189 the
165 3140 212 3204 city
222 3141 298 3188 which
309 3144 349 3190 the
360 3143 448 3194 sbielda
455 3143 577 3204 protected
589 3159 637 3190 was
646 3142 751 3190 founded
765 3145 795 3204 by
804 3143 862 3199 him,
872 3145 1015 3201 orbeceusc,
1025 3145 1046 3190 in

114 3207 198 3272 Lisy’s
207 3209 314 3270 opinion,
329 3211 448 3259 Romulus
456 3211 505 3259 and
514 3221 556 3260 not
570 3213 650 3258 Numa
658 3209 704 3256 hed
713 3209 838 3258 instituted
851 3212 890 3257 the
907 3212 1047 3258 ceremonies
1111 3257 1112 3270 p

113 3276 244 3324 connected
261 3276 318 3323 with
337 3279 410 3334 them,
431 3278 552 3325 Romulus
569 3279 589 3324 is
606 3277 743 3325 mentioned
761 3279 817 3324 with
837 3279 904 3328 Mars
920 3294 948 3325 as
965 3279 1047 3341 haring

113 3356 143 3389 an
153 3343 433 3394 interestintheoncilio.
468 3347 515 3393 See
526 3346 546 3393 l.
558 3347 598 3394 20.
672 3340 832 3393 'Gronovius
842 3346 993 3408 conjectures
1003 3349 1046 3395 Ln-

112 3414 223 3476 oioiiqoe,
236 3423 262 3460 to
273 3421 314 3474 get
328 3412 366 3460 rid
377 3412 406 3458 of
421 3413 461 3460 the
472 3414 577 3460 unusual
588 3417 615 3463 irs
628 3415 737 3463 Latinio.
824 3412 833 3441 ¹
851 3413 927 3470 Here,
939 3414 987 3461 and
999 3414 1021 3460 in
1033 3429 1045 3458 a

111 3488 221 3526 sentence
236 3479 319 3540 below,
329 3483 451 3544 piaculum
459 3480 564 3544 significa
578 3483 618 3530 tbe
630 3479 781 3530 commissise
793 3480 823 3528 ot*
834 3479 918 3530 adced
929 3481 1045 3544 requiring

113 3544 242 3604 expiation.
1110 3543 1111 3558 ¹
