2262 3858
112 180 171 260 era
506 179 662 241 ιιινιι

112 340 172 399 tino
185 338 285 412 locarit
293 349 310 408 ¹,
324 339 516 418 dedicaritque
530 340 658 400 Matutae
671 339 761 398 matri.
801 340 908 415 Atque,
929 337 975 398 bis
988 339 1063 398 divi·

115 421 159 478 nis
179 419 360 495 humanisque
383 421 464 478 rebus
487 421 581 497 gestis,
603 420 739 478 dictatura
761 439 791 478 se
812 419 961 477 abdicavit.
1005 420 1069 496 Agi

116 499 216 558 deinde
230 499 265 556 de
280 499 419 575 Apollinis
431 501 505 557 dono
519 513 657 576 coeptum.
699 507 707 534 ‘
722 499 778 558 Cui
798 519 828 556 se
849 501 998 556 decumam
1017 519 1069 556 vo·

56 624 59 630 .
119 579 212 636 ‘visse
233 580 350 655 praedae
372 577 485 654 partem'
509 599 594 655 quum
617 580 721 636 diceret
743 579 886 644 Camillus,
915 579 1069 654 pontifices

118 659 302 716 ‘solvendum
316 657 447 732 religione
456 657 598 734 populnm'
612 671 774 725 censerent3
796 657 870 714 band
880 658 962 714 facile
977 659 1068 714 iniba-

112 750 164 796 -tur
176 739 246 796 ratio
255 737 373 814 jubendi
385 738 485 794 referre
498 739 626 815 praedam
641 738 784 814 populum,
795 751 827 795 nt
840 757 876 794 ex
888 739 923 794 eh
935 756 1002 814 pars
1017 738 1068 794 de·

117 818 177 876 bita
190 818 219 874 in
232 835 339 874 sacrum
353 829 549 874 secerneretur.
589 816 715 874 Tandem
736 819 778 898 eb,
799 817 873 892 qnod
890 817 1069 873 levissimum

118 898 269 964 videbatur,
284 896 430 952 decursum
445 907 495 962 est,
512 903 572 964 ἰιι
587 897 635 970 qui
648 915 679 954 se
689 897 857 971 domumque
867 895 1004 971 religione
1018 915 1069 952 ex·

119 984 127 1010 ‘
141 977 247 1034 solvere
260 975 350 1042 vellet,
360 994 446 1049 quum
460 975 571 1032 sibimet
583 975 642 1051 ipse
654 977 781 1051 praedam
790 975 964 1032 aestimasset
975 995 1068 1042 snam,

75 1066 78 1078 ¹
120 1061 128 1090 ⁸
141 1056 274 1113 decumae
287 1053 407 1130 pretium
420 1054 505 1131 partis
518 1054 546 1110 in
559 1055 700 1130 publicum
714 1055 849 1120 deferrem
869 1066 902 1111 ut
915 1073 951 1110 ex
965 1074 1002 1111 eo
1017 1055 1068 1111 do·

120 1142 128 1170 ‘
142 1154 209 1192 num
223 1153 347 1200 aureum,
358 1134 472 1209 dignum
485 1133 666 1208 amplitudine
676 1133 773 1210 templi
783 1153 816 1190 ac
825 1133 939 1190 numine
950 1132 1021 1199 Dei,
1033 1153 1068 1190 ex

119 1221 127 1250 ‘
141 1214 275 1290 dignitate
288 1212 384 1290 populi
398 1213 519 1270 Romani
532 1211 627 1270 fieret'
669 1212 712 1270 Ea
727 1214 837 1288 qobqne
850 1212 962 1270 collatio
976 1212 1067 1288 plebis

32 1339 35 1352 ,
118 1294 224 1352 animos
237 1312 254 1351 a
268 1291 386 1352 Camillo
399 1292 536 1350 alienavit.
576 1291 653 1348 Inter
672 1291 740 1350 baec
760 1292 933 1368 pacificatum
948 1291 1067 1367 legatia

119 1373 228 1431 Volscis
250 1383 279 1430 et
300 1371 408 1447 Aequis
431 1383 582 1429 venerant:
609 1372 808 1448 impetratoque
822 1391 885 1446 pax,
907 1373 997 1447 magis
1012 1379 1021 1405 ⁴
1036 1386 1066 1428 ιιι

119 1453 213 1510 ‘fessa
232 1463 288 1509 tarn
309 1451 417 1508 diutino
436 1451 508 1509 bello
527 1451 714 1526 acquiesceret
734 1450 846 1520 ciritas,’
867 1448 952 1526 quiam
967 1459 975 1485 ‘
990 1451 1065 1526 quod

120 1539 128 1568 ‘
142 1531 219 1607 digni
231 1530 373 1607 peterent!

262 1608 371 1666 XXIV.
391 1607 470 1685 Vejis
484 1609 579 1685 captis,
594 1629 643 1666 sex
657 1609 780 1667 tribunos
793 1609 913 1666 militum
927 1609 1063 1667 consulari

223 1699 359 1765 potestate
379 1687 526 1762 insequens
544 1708 632 1746 annus
652 1688 756 1756 babuit,
777 1689 847 1745 dnos
863 1689 895 1745 P.
910 1688 1061 1756 Cornelios,

173 1768 179 1784 '
225 1768 342 1826 Cossum
357 1779 386 1824 et
397 1767 564 1843 Scipionem,
576 1767 620 1824 Μ.
631 1767 770 1826 Valerium
781 1767 938 1824 Maximum
954 1769 1061 1835 iterum,
1111 1833 1112 1836 Ἴ

121 1847 160 1905 Κ.
175 1847 290 1906 Fabium
302 1847 470 1904 Ambustum
482 1846 603 1912 tertium,
619 1845 653 1904 L.
664 1847 775 1904 Furium
786 1846 975 1904 Medullinum
987 1849 1061 1924 quin·
1111 1855 1112 1887 l

120 1929 190 1996 tiam,
205 1928 240 1992 Q.
256 1926 402 1984 Servilium
416 1926 537 1984 tertium.
578 1926 713 1984 Corneliis
727 1927 863 1984 Faliscum
879 1927 993 1995 bellum,
1011 1927 1060 1984 Va-

120 2009 190 2066 lerio
203 2027 236 2066 ac
250 2006 366 2064 Servilio
381 2006 507 2082 Capenas
526 2017 601 2062 sorte
614 2005 715 2062 evenit.
757 2007 804 2063 Ab
818 2006 851 2062 iis
872 2026 928 2064 non
941 2008 1061 2064 urbesvi

120 2101 170 2146 aut
191 2086 319 2164 operibus
332 2098 462 2153 tentatae,
483 2085 532 2142 sed
546 2105 611 2160 ager
624 2097 667 2142 est
680 2085 871 2161 depopulatus,
890 2086 1061 2162 praedaeque

121 2187 215 2226 rerum
228 2165 376 2241 agrestium
390 2177 476 2222 actae.
517 2163 602 2222 Nulla
613 2165 699 2221 felix²
712 2167 801 2233 arhor,
821 2163 888 2221 nihil
901 2165 1060 2240 frugifemm

121 2247 151 2302 in
171 2264 237 2321 agro
256 2245 393 2302 relictum.
433 2243 477 2302 Ea
496 2243 588 2302 clades
608 2243 777 2321 Capenatem
791 2245 925 2320 populum
946 2245 1061 2320 subegit

122 2325 184 2382 Pax
198 2323 355 2400 petentibus
369 2323 441 2380 data.
481 2322 515 2379 In
537 2323 648 2380 Faliscis
668 2325 770 2381 bellum
786 2323 915 2381 restabat.
958 2323 1062 2382 Romae

122 2403 233 2461 interim
247 2401 390 2476 multiplex
403 2402 504 2458 seditio
517 2415 593 2460 erat:
614 2401 694 2478 cujus
713 2402 857 2460 leniendae
870 2403 956 2460 causa
971 2410 980 2435 ‘
994 2404 1062 2460 colo-

124 2491 132 2518 ‘
146 2483 219 2540 niam
234 2481 263 2537 in
277 2480 402 2549 Volscos,
417 2481 472 2556 qub
485 2481 538 2538 tria
551 2481 635 2538 millia
648 2482 749 2539 civium
761 2481 951 2539 Romanorum
967 2485 1063 2541 scribe·

125 2570 133 2598 ‘
147 2574 251 2628 rentur,
271 2558 470 2618 deducendam'
485 2574 665 2617 censuerant:
686 2561 876 2636 triumvirique
889 2562 925 2618 ad
939 2563 969 2619 id
984 2561 1062 2620 creati

123 2655 203 2700 terna
220 2640 319 2717 jugera
343 2651 372 2696 et
392 2651 539 2715 septunces
563 2640 663 2696 viritim
687 2639 843 2698 diviserant.
895 2641 939 2698 Ea
959 2641 1062 2717 largitio

124 2721 214 2796 sperni
229 2731 344 2796 coepta;
366 2719 431 2794 quia
445 2725 452 2752 ‘
466 2715 525 2795 spei
538 2718 648 2794 majoris
658 2721 822 2776 avertendae
833 2719 963 2778 solatium
978 2721 1061 2797 objec-

125 2798 215 2856 ‘tum’
237 2800 393 2857 censebant.
434 2797 521 2856 ‘Cur
537 2799 609 2854 enirn
630 2798 745 2874 relegari
765 2799 872 2874 plebem
893 2800 921 2856 in
942 2800 1060 2867 Volscos,
1109 2853 1110 2865 ,

120 1681 147 1716 U·
159 1680 182 1716 G·

125 2885 132 2913 ‘
147 2897 232 2954 quum
241 2877 423 2954 pulcherrima
436 2878 501 2933 urbs
510 2876 574 2952 Veji
587 2897 705 2952 agerque
717 2877 884 2954 Vejentanus
894 2879 923 2934 in
936 2899 1059 2956 conspec-

125 2964 179 3014 ἰιι
193 2959 236 3024 sit,
257 2957 367 3014 uberior
380 2956 549 3031 ampliorque
564 2956 691 3013 Romano
704 2957 788 3032 agro!
829 2957 935 3018 Urbem
958 2959 1058 3034 quoque

124 3039 186 3096 urbi
201 3038 316 3104 Romae,
338 3035 380 3092 vel
400 3035 464 3104 situ,
482 3035 524 3092 vel
545 3036 748 3112 magnificentia
761 3037 933 3114 publicorum
948 3039 1056 3115 private

158 3186 168 3214 ⁸
180 3187 277 3236 Lucere,
290 3191 315 3228 ιο
334 3179 388 3244 give
399 3190 442 3230 cut
453 3198 485 3230 an
497 3181 581 3231 edilice
593 3193 617 3230 ιο
628 3185 658 3231 be
669 3183 732 3231 built
743 3200 774 3232 on
786 3192 910 3240 contractr
929 3190 1055 3241 conducere,

124 3256 244 3309 redimere,
262 3260 287 3298 to
305 3249 437 3296 undertake
454 3251 493 3298 the
510 3261 634 3300 contract:
660 3252 735 3299 hence
750 3255 846 3308 locator,
869 3253 1009 3312 conductor,
1025 3269 1055 3306 re·

125 3319 227 3369 demtor.
305 3314 315 3340 ²¹
332 3319 399 3366 Felir
409 3319 485 3374 orbor,
498 3318 693 3382 estoit-bearing
705 3329 761 3370 trec.
799 3321 832 3368 So
845 3319 953 3381 Horace,
1108 3285 1109 3353 l

296 3383 447 3446 Inutilesque
458 3383 519 3432 falce
530 3401 608 3433 mmos
619 3396 754 3449 amputans,

328 3455 455 3502 Feliciores
467 3452 556 3500 inserit.
695 3454 774 3516 Epod.
789 3455 815 3502 ii.
829 3453 867 3503 ll.

128 3519 181 3570 'lhe
193 3520 309 3586 opposite,
319 3522 411 3586 irfilic,
425 3520 447 3569 1.
462 3520 502 3580 26,
514 3519 621 3584 significa
631 3536 646 3570 a
657 3522 756 3572 sceffold
767 3523 805 3573 for
816 3523 952 3573 execution.
