2262 3858
8 269 9 282 ,
448 209 572 270 LIBER
592 209 629 268 V.
854 271 855 278 χ
954 209 1010 266 341

8 389 10 438 ι
71 371 143 428 niter
154 368 282 445 peractis,
304 367 400 424 eddam
413 379 552 424 revertens
565 365 689 424 similiter
704 364 839 425 constanti
853 363 931 422 rultu
944 385 1006 440 gra·

66 451 164 524 doque,
178 450 245 504 satis
260 465 372 522 sperans
387 447 540 522 ‘propitios
555 467 614 504 esse
624 446 709 512 Deos,
724 465 840 520 quorum
854 445 957 501 cultum
968 464 1003 502 ne

8 583 9 594 ,
66 528 182 584 ‘mortis
202 527 316 602 quidem
332 539 408 582 metu
422 525 575 601 prohibitus
592 524 772 591 deseruisset‚'
792 525 820 580 in
835 524 1002 599 Capitolium

64 609 97 663 ad
110 627 176 663 snos
189 607 282 670 rediit,
291 625 346 661 ,seu
359 605 482 662 attonitis
496 605 583 662 Gallis
597 605 728 662 miraculo
742 603 880 671 audaciae,
898 623 946 660 seu
960 623 1002 660 re·

8 679 9 690 ’
64 687 164 760 ligione
178 685 265 742 etiam
279 685 370 751 motis,
391 683 470 760 cujus
484 683 693 760 haudquaquam
707 683 847 758 negligens
866 695 908 740 est
927 702 1002 758 gens.

65 765 141 840 Vejis
155 765 267 821 iuterim
281 783 336 819 non
348 763 432 819 animi
446 764 550 820 tnntdm
562 765 588 820 iu
600 765 667 832 dies,
681 764 730 822 sed
744 763 826 820 etiam
839 762 916 828 vires,
930 781 1002 818 cres·

65 845 181 910 cebant;
203 863 256 900 nec
269 842 403 900 Romanis
413 843 501 898 solirrn
514 839 548 898 eb
559 843 786 902 convenientibus
796 861 831 897 ex
841 841 919 915 agris,
929 841 974 915 qui
986 861 1003 897 a

64 924 168 997 proelio
193 923 309 978 adverso
332 934 380 978 aut
401 921 478 982 clade
499 934 594 998 captae
617 924 691 980 urbis
712 921 796 999 palati
814 921 929 986 fuerant,
953 921 1002 976 sed

64 1002 147 1058 etiarn
161 1021 198 1058 ex
212 999 296 1058 Latio
309 1001 468 1058 voluntariis
482 1001 690 1068 confluentibus,
709 1003 781 1058 utin
795 1012 873 1076 parte
888 1000 1002 1074 praedae

64 1093 164 1138 essem.
207 1079 352 1136 Maturum
361 1080 420 1156 jam
435 1080 585 1148 videbatur,
602 1081 689 1156 repeti
703 1081 817 1156 patriam
831 1078 954 1155 eripique
968 1098 1002 1135 ex

63 1159 186 1216 bostium
201 1161 342 1216 manibus:
363 1160 412 1216 sed
432 1160 539 1235 corpnri
555 1160 644 1217 valido
666 1173 748 1236 caput
768 1161 869 1216 deerat.
909 1156 1002 1214 Locus

64 1239 121 1314 ipse
134 1238 142 1276 ¹
157 1239 326 1296 admonebat
349 1237 467 1305 Camillr,
490 1250 518 1296 et
539 1258 638 1314 magna
652 1259 714 1315 pars
734 1239 853 1295 militum
868 1249 934 1304 erat,
956 1236 1002 1311 qui

64 1319 150 1376 ductu
164 1317 343 1393 auspicioque
360 1317 419 1394 ejus
439 1337 482 1374 res
498 1337 626 1394 prospere
639 1331 793 1394 gesserant;
813 1329 842 1374 et
856 1315 1003 1376 Caedicius

63 1417 175 1473 negare,
191 1403 199 1430 ‘
213 1417 243 1454 se
257 1396 476 1465 commissurum,
491 1416 539 1454 cur
552 1398 603 1454 sibi
613 1410 661 1454 ant
670 1398 794 1454 Deorum
805 1409 852 1452 aut
861 1394 1003 1452 bominum

65 1477 234 1552 ‘quisquam
248 1476 394 1551 imperium
407 1476 497 1533 finiret
510 1477 610 1553 potiris,
631 1475 712 1552 quiam
733 1477 792 1553 ipre
812 1495 917 1532 memor
930 1475 1003 1532 crdi-

65 1556 188 1612 ‘nisui
202 1567 328 1631 posceret
341 1556 532 1630 imperatorem
543 1555 572 1612 ²2
602 1555 745 1614 Consensu
755 1556 876 1612 omniurn
891 1554 1002 1630 placuit,

66 1637 120 1692 ‘ab
140 1634 239 1692 Ardeit
253 1633 399 1692 Camillum
414 1634 512 1700 acciri;
532 1636 580 1694 sed
594 1648 675 1694 antea
690 1636 815 1694 consulto
828 1647 934 1702 senatu,
955 1633 1002 1709 qui

66 1720 72 1746 ‘
86 1715 198 1771 Romae
212 1712 302 1770 esset!
344 1714 426 1771 Adod
438 1716 550 1790 regebat
570 1717 661 1773 omnia
674 1717 771 1791 pudor,
792 1713 1001 1788 discriminaque

65 1813 155 1850 rerum
168 1813 256 1869 prope
266 1792 380 1868 perditis
388 1794 468 1850 rebus
479 1796 630 1852 servabant.
662 1795 772 1870 Ingenti
783 1793 903 1869 periculo
914 1804 1002 1848 trans·

65 1873 187 1929 eundum
208 1891 258 1948 per
278 1871 397 1928 bostium
415 1873 553 1930 custodias
569 1886 634 1930 erat.
676 1874 724 1930 Ad
738 1893 798 1929 earu
813 1891 870 1928 reru
886 1871 1001 1928 Pontius

66 1951 220 2016 Cominius,
232 1950 469 2026 impigerjuvenis,
479 1971 588 2026 operam
600 1951 744 2027 pollicitus,
756 1952 887 2008 incubans
897 1949 1001 2015 cortici,

64 2032 187 2088 secundo
203 2030 297 2087 Tiberi
310 2031 344 2087 ad
355 2029 450 2087 urbem
461 2031 588 2087 defertur.
621 2029 699 2098 Inde,
714 2030 769 2104 qut
781 2029 935 2104 proximum
950 2027 1002 2084 fuit

64 2111 162 2186 ariph,
177 2129 227 2185 per
240 2122 425 2185 praeruptum,
447 2129 534 2184 eoque
548 2110 703 2184 neglectum
717 2107 836 2166 hostium
851 2107 1001 2173 custodiae,

65 2209 161 2246 mum
177 2189 205 2244 in
221 2188 386 2264 Capitolium
398 2188 505 2246 evadit:
526 2189 606 2254 et,ad
616 2188 789 2264 magistratus
803 2189 911 2254 ductus,
925 2206 1002 2244 mau-

65 2269 128 2326 data
141 2267 280 2324 exercitiis
294 2269 360 2325 edit.
402 2271 528 2344 Accepto
548 2269 612 2325 inde
631 2266 742 2325 senatds
763 2268 881 2334 decreto,
897 2273 905 2300 ‘
919 2278 1000 2335 utet,

65 2346 208 2404 ‘comitiis
222 2347 341 2411 curiatis,
356 2357 498 2404 revocatus
513 2347 547 2405 de
561 2347 664 2414 exsilio,
675 2347 755 2422 jussu
764 2347 858 2423 populi
868 2345 1001 2404 Camillus

65 2427 207 2484 ‘dictator
230 2426 369 2501 extemplo
390 2426 534 2495 diceretur,
561 2427 714 2502 militesque
736 2427 865 2486 baberent
885 2426 1001 2502 impera-

65 2513 72 2538 ⁴
86 2519 187 2574 torem,
205 2523 286 2580 quem
301 2503 418 2572 vellent‚’
441 2505 535 2562 eidem
551 2507 694 2582 degressus
708 2507 824 2564 nuncius
838 2504 922 2582 Vejos
936 2525 1001 2564 con·

64 2586 172 2642 tendit:
193 2584 323 2660 missique
333 2585 454 2642 Ardeam
465 2585 548 2660 legati
560 2587 595 2642 ad
607 2585 763 2654 Camillum,
773 2585 857 2662 Vejos
865 2605 928 2642 eum
939 2605 1001 2661 per·

64 2665 188 2722 duxere:
209 2684 267 2730 seu,
283 2664 371 2739 (quod
386 2664 471 2738 magis
485 2666 596 2722 credere
606 2665 682 2732 libet,
696 2685 751 2721 non
760 2664 834 2740 priris
847 2665 1000 2740 profectum

63 2743 98 2800 ab
113 2743 219 2809 Ardea,
241 2743 321 2818 quarn
337 2743 470 2818 comperit
483 2744 571 2820 legem
585 2743 694 2818 latam)
715 2752 722 2776 ‘
737 2744 810 2817 qubd
830 2763 882 2800 nec
895 2743 1001 2820 injussu

64 2829 71 2856 ¹
85 2823 183 2898 populi
197 2823 297 2879 mutari
310 2823 409 2879 finibus
422 2835 523 2898 posset,
544 2843 603 2890 nec,
624 2824 676 2879 uisi
690 2823 806 2880 dictator
820 2821 918 2891 dictus,
939 2844 1001 2881 aus·

64 2909 71 2934 ‘
85 2902 160 2976 picis
173 2903 202 2957 in
216 2902 339 3011 erpercitu
347 2899 464 2970 habere,'
479 2901 523 2959 lex
534 2903 638 2960 curiata
647 2903 701 2960 lata
711 2913 761 2972 est,
773 2902 943 2978 dictatorque
954 2906 1000 2961 ab·

63 3001 125 3038 sens
140 2981 232 3038 dictus
256 3022 263 3036 .

97 3139 104 3168 ¹
124 3138 189 3197 Veii,
204 3137 280 3186 where
296 3141 326 3186 he
343 3139 390 3188 had
407 3145 466 3190 been
484 3155 510 3187 so
527 3139 630 3202 signally
641 3138 779 3187 successful.
870 3133 880 3164 ¹
896 3145 930 3192 Ει
944 3147 1001 3192 Cae.

63 3211 149 3264 dicius‚
162 3210 207 3255 &a
243 3206 301 3254 And
318 3207 444 3257 Caedicius
460 3207 562 3256 asserted
580 3209 631 3256 that
646 3209 676 3254 he
693 3206 779 3256 should
791 3217 832 3256 not
844 3223 890 3255 run
902 3210 941 3255 tbe
952 3210 1002 3258 risk

64 3275 92 3321 of
99 3291 148 3336 any
160 3273 241 3322 divine
252 3289 280 3320 or
290 3276 380 3323 human
391 3292 471 3338 power
478 3275 632 3338 terminating
641 3275 676 3322 bis
685 3277 821 3334 command,
833 3276 1001 3336 inpreference

65 3351 88 3389 to
100 3342 200 3390 himself
208 3343 382 3405 remembering
393 3345 429 3391 his
440 3344 593 3392 subordinate
603 3342 670 3399 rank,
682 3343 729 3390 and
741 3343 886 3403 demanding
898 3344 938 3390 the
946 3361 1000 3404 pre.

65 3426 134 3457 sance
146 3409 176 3456 of
189 3409 226 3456 bis
236 3409 318 3457 lawful
330 3411 490 3459 commender.
559 3411 569 3438 ⁸
586 3413 637 3458 The
649 3409 762 3472 meaning
773 3411 802 3456 of
815 3409 860 3456 this
871 3423 969 3470 passage
980 3413 1001 3458 is

64 3477 203 3524 considered
221 3493 246 3532 as
263 3476 383 3535 doubtful,
401 3478 448 3526 and
465 3477 553 3526 several
572 3486 755 3526 commentatam
772 3477 830 3522 have
841 3473 964 3534 despaired
975 3477 1005 3525 of

65 3543 173 3608 eliciting
190 3544 251 3592 from
268 3544 288 3592 it
304 3561 349 3618 any
361 3545 662 3607 distinctinterpretatiou.
698 3543 764 3600 This,
776 3543 891 3596 however,
902 3554 1000 3604 appears
1121 3581 1122 3626 ,

1121 3651 1122 3678 l
