2224 3862
116 225 175 284 ert
491 221 539 283 ’Τ.
559 221 660 283 LIVII

117 382 209 442 subitb
228 383 300 441 inter
317 382 442 442 tribunos
455 394 591 441 exortum.
631 380 700 441 ‘Se'
713 381 828 458 quisque
847 375 1055 438 ‘belliriucem

118 461 283 539 ‘potiorem’
306 463 385 540 ferre,
409 481 502 521 euram
523 463 607 530 urbis,
631 473 663 519 ut
684 461 817 536 ingratam
836 459 1055 536 ignobilemque,

116 542 264 616 asperneri-
303 542 397 606 Quum
418 561 513 618 purum
533 542 663 599 decorum
681 540 754 597 inter
775 538 892 615 collegas
911 551 1058 596 certamen

116 621 271 677 mirabundi
291 620 387 678 Patres
407 621 603 697 conspicerent,
621 619 656 683 Q.
679 618 816 686 Servilius,
838 619 983 682 ‘Quando
1003 636 1058 674 nec

118 699 243 756 ‘ordinis
257 698 337 776 hujus
350 699 422 767 ulls,'
435 700 532 776 inquit,
553 707 561 734 ⁴
574 717 626 756 nec
643 698 807 775 reipublicae
820 709 862 754 cst
874 695 1057 764 verecundia,

117 779 227 854 ‘petria
247 777 376 855 majestas
394 779 597 837 altercationem
617 779 698 834 istem
714 777 831 833 dirimet
871 775 959 832 Filius
975 795 1058 832 meus

118 863 127 892 ‘
140 869 217 915 extre
236 870 337 915 sortem
356 859 417 915 orbi
430 859 555 934 praeerit.
596 857 705 915 Bellum
718 856 832 924 utinam,
845 855 893 930 qui
906 866 1057 932 appetunt,

118 937 336 994 ‘consideratius
349 938 572 1012 concordiusque,
586 935 668 1012 quim
682 935 806 1012 cupiunt,
819 933 933 1009 gerent!

157 1014 265 1073 XLVI.
285 1015 433 1074 Deiectum
452 1015 552 1073 heberi·
562 1035 617 1072 non
637 1034 673 1072 ex
688 1027 747 1072 toto
762 1013 863 1090 possim
876 1013 985 1090 populo
1000 1013 1058 1090 pla-

117 1093 185 1152 cuit.
225 1095 333 1152 Decem
353 1095 440 1153 tribus
461 1108 541 1153 sorte
554 1095 653 1153 ductae
672 1105 753 1161 suntr
772 1111 807 1150 ex
819 1091 862 1148 his
879 1093 1001 1168 scriptos
1010 1091 1058 1168 ju·

117 1173 208 1230 uiores
227 1175 283 1230 duo
303 1174 405 1231 tribuni
427 1175 462 1232 ed
481 1175 583 1232 bellum
597 1173 709 1231 duxere.
750 1171 857 1248 Coepta
875 1171 1015 1228 intereos
1029 1171 1058 1228 in

117 1253 186 1309 urbe
199 1253 348 1310 certamino
360 1253 511 1329 cupiditate
524 1255 619 1311 eidem
640 1251 748 1330 imperii
762 1251 848 1307 multo
859 1250 1016 1327 impensius
1029 1251 1057 1306 in

117 1331 212 1388 castris
230 1332 360 1389 accendi:
380 1331 448 1389 nibil
466 1333 567 1390 sentire
586 1333 670 1400 idem,
690 1345 740 1408 pro
760 1329 897 1388 sententiis
912 1347 1056 1406 pugnares

118 1427 169 1465 sua
181 1410 295 1467 consiliu
308 1411 387 1478 velle,
404 1429 454 1470 sua
466 1411 581 1487 imperia
594 1412 652 1468 solu
664 1424 722 1468 retu
735 1427 813 1467 esse:
833 1421 1014 1466 contemnere
1028 1409 1056 1464 in

118 1487 216 1555 vicem,
234 1500 264 1546 et
281 1491 429 1547 contemni.
469 1490 578 1555 Donec,
599 1490 793 1566 castigantibus
812 1487 919 1563 legatis,
940 1488 1055 1544 taudem

118 1565 159 1622 itu
171 1580 358 1644 comparatum
371 1580 423 1637 est,
441 1580 474 1626 ut
491 1567 601 1626 alternis
619 1569 717 1627 diebus
734 1584 869 1626 summam
882 1567 995 1643 imperii
1008 1564 1056 1624 be·

118 1643 226 1702 herent.
265 1647 344 1710 Quae
357 1665 443 1721 quum
456 1647 537 1705 allata
550 1645 669 1705 Romam
682 1659 782 1714 essent,
796 1647 897 1703 dicitnr
909 1646 947 1710 Q.
962 1645 1055 1704 Serri-

118 1721 182 1792 lius,
196 1735 286 1782 astute
298 1737 327 1782 et
340 1745 392 1782 usu
400 1727 507 1794 doctus,
518 1739 644 1802 precatus
654 1729 688 1785 ub
699 1726 762 1784 Diis
772 1725 983 1792 immortalibus,
1002 1733 1055 1782 ‘ne

120 1806 129 1836 ‘
142 1802 279 1861 discordis
291 1804 462 1879 tribunorum
475 1807 632 1863 damnosior
643 1806 807 1882 reipublicae
820 1815 901 1872 esset,
920 1803 1007 1880 quiem
1020 1804 1055 1861 ad

120 1885 129 1914 ‘
143 1879 227 1958 Vejos
240 1883 359 1952 fuisset?
380 1896 416 1951 et,
431 1885 507 1943 velut
520 1884 593 1942 baud
606 1886 690 1942 dubie
703 1885 779 1942 clade
792 1883 963 1950 imminente,
977 1883 1054 1940 insti·

119 1959 186 2018 tisse
198 1961 264 2032 filio,
286 1970 339 2021 ‘ut
352 1964 460 2021 milites·
471 1965 610 2032 scriberet,
631 1975 660 2021 ct
678 1981 753 2022 arma
765 1961 889 2039 peraret!
930 1962 995 2020 Nec
1007 1962 1053 2019 iul·
1099 2031 1100 2036 ἵ

120 2057 168 2096 sus
181 2053 256 2098 vates
270 2042 330 2099 fuit.
371 2043 443 2100 Nem
455 2044 541 2101 ductu
551 2042 586 2099 L.
596 2042 694 2118 Sergii,
703 2041 782 2118 cujus
795 2041 854 2098 dies
863 2041 974 2117 imperii
987 2053 1052 2109 eret,

119 2117 182 2176 leco
195 2120 289 2196 iniquo
306 2122 358 2178 sub
373 2121 493 2180 bostium
513 2123 617 2190 caetris,
637 2141 731 2197 quum,
752 2119 816 2196 quia
834 2119 964 2177 simulato
978 2133 1053 2177 metu

120 2213 262 2273 receperat
275 2219 305 2256 se
318 2199 404 2258 bostis
417 2203 452 2259 ad
466 2201 575 2268 vellum
584 2221 647 2277 spes
657 2219 725 2258 raus
735 2199 910 2276 expugnandi
923 2201 1051 2258 astresb

120 2278 257 2345 traxisset,
277 2280 420 2354 repentino
439 2280 546 2356 impetu
560 2282 721 2354 Aequorum
735 2295 784 2355 per
796 2278 940 2354 supinam¹
955 2279 1050 2337 vellera

120 2352 176 2409 iusi
189 2368 263 2423 suut,
277 2358 411 2432 multique
424 2358 453 2414 in
466 2361 545 2416 ruini
558 2360 660 2436 majore
671 2359 682 2391 ²
695 2359 777 2433 qubm
790 2357 856 2432 fugi
869 2359 994 2433 oppressi
1007 2361 1050 2416 ob-

121 2434 313 2508 truncatiquer
334 2448 484 2511 oestroque,
494 2457 527 2495 eo
541 2438 586 2496 die
599 2440 680 2513 segre
689 2449 803 2502 retenta,
813 2447 926 2512 postero
933 2438 989 2505 die,
1004 2439 1050 2496 cir·

121 2511 253 2569 cumfusis
261 2513 320 2590 jem
335 2533 433 2589 magne
452 2535 487 2572 ex
501 2528 577 2590 perte
595 2516 726 2583 hostibus,
746 2533 796 2593 per
809 2531 931 2572 eversam
947 2530 1050 2592 portem

120 2587 186 2664 nge
199 2593 273 2668 turpi
286 2593 458 2650 deseruntur.
497 2594 593 2653 Duces
606 2596 751 2670 legatique,
762 2607 791 2652 et
804 2594 877 2669 quoti
891 2593 967 2652 circe
980 2597 1051 2674 signo

121 2669 225 2726 roboris
245 2672 280 2728 de
300 2674 423 2731 exercitu
441 2673 502 2741 fuit,
524 2675 676 2732 Tusculum
690 2675 802 2750 petiere.
842 2671 934 2730 Palati
947 2675 995 2732 ulii
1008 2695 1051 2752 per

121 2751 320 2888 {libili
335 2752 836 2890 cllzlclstncl’rric
855 2766 1051 2907 illinisti

121 2903 183 2973 fuit,
197 2904 272 2981 qued
285 2923 399 2968 eventus
409 2911 501 2967 timori
511 2911 652 2968 hominum
663 2931 814 2987 congruens
824 2911 913 2968 iuerat
923 2935 931 2979 ;
943 2925 974 2970 et
983 2915 1052 2990 qubd

121 2984 251 3056 subsidia,
272 3007 342 3063 quae
355 2989 522 3065 respicerent
535 2991 563 3046 in
576 3011 606 3047 re
623 2991 738 3067 trepidi,
758 3003 919 3066 praeparato
932 3007 1010 3051 erum
1022 2995 1051 3051 ab

120 3062 232 3122 tribuno
246 3068 381 3124 militum:
397 3069 533 3144 jussuque
546 3067 678 3146 ejusdem,
692 3089 742 3146 per
754 3070 873 3126 minores
881 3071 1052 3146 magistratus

14 3193 15 3208 ,
121 3142 218 3200 sedato
237 3144 265 3201 in
285 3147 354 3204 urbe
373 3147 502 3214 tumultu,
523 3149 707 3224 speculatores
725 3151 840 3225 propere
852 3149 930 3205 missi
944 3153 1051 3209 nuncia·

120 3239 194 3289 vere,
209 3229 217 3258 ‘
232 3223 348 3280 Tusculi
361 3225 445 3282 duces
459 3228 665 3302 exercitumque
678 3247 756 3294 csse;
775 3227 883 3284 hostem
893 3242 987 3287 cestre
997 3231 1052 3288 locu

120 3306 131 3385 A‘
142 3319 200 3358 nou
212 3301 346 3360 movisse!
387 3303 434 3372 Et,
446 3306 520 3379 quod
533 3306 681 3382 plurimum
692 3306 844 3364 animorum
854 3307 1051 3376 {cultellorum

154 3413 162 3442 ¹
180 3419 271 3478 Supina
287 3417 362 3474 callia,
380 3413 483 3478 evalley
494 3425 519 3463 et
536 3419 576 3464 the
592 3416 651 3464 beck
663 3417 692 3464 ol‘
705 3419 744 3466 the
756 3427 844 3479 troops.
919 3416 930 3444 ¹
948 3419 1052 3482 Doering

120 3481 303 3614 upzcepzegrillp·
314 3481 420 3545 supplies
432 3487 514 3546 potior
529 3485 590 3532 alter
606 3486 701 3549 majore.
738 3487 831 3549 quore
844 3485 864 3534 is
875 3485 996 3565 resoluble
1006 3488 1051 3535 into
