2262 3858
455 220 579 280 LIBER
600 222 636 280 V.
955 225 1013 283 349

10 453 11 456 Ἴ
68 379 202 440 ‘treberi
224 380 302 446 Quid
315 379 376 446 alic,
398 399 469 456 quse
488 379 751 458 auspicatbugimns
764 381 926 442 omniafere
939 381 1012 440 intro

10 461 12 546 l
66 460 267 537 ‘pomoerium
282 459 328 519 cui
341 459 480 530 oblivioni,
493 473 543 520 aut
556 462 601 519 cui
614 460 797 536 negligentiae
810 462 930 520 domm?
953 461 1009 520 Co-

10 559 12 610 ῑ
65 540 163 598 ‘mitia
176 541 290 608 curiata,
311 558 389 617 quaa
402 559 460 598 rem
474 540 620 598 militarem
640 539 799 610 eontinent;
819 541 931 600 comitia
944 560 1009 599 cen·

10 613 12 664 l
65 618 194 688 ‘tardata
215 619 316 695 quibus
336 619 463 677 consules
482 620 661 695 tribunosque
681 619 812 677 militares
832 621 939 690 creatis,
960 621 1009 678 ubi

10 749 11 758 ,
65 698 235 774 ‘auspicato
256 699 309 756 nisi
326 698 374 755 ubi
393 699 527 767 adsolent,
547 699 607 758 fieri
623 698 782 776 possnut¹?
804 699 925 776 Vejornc
940 699 1009 758 baec

64 777 304 836 ‘tmnsferemusl
323 797 357 835 au
374 777 549 836 comitiorum
570 779 654 836 must
673 777 793 854 populus
806 790 884 838 tanto
903 781 1009 852 incom-

55 856 71 890 '‘
82 857 166 914 modo
186 856 216 914 iu
237 857 374 916 desertam
387 855 458 916 banc
470 859 505 918 ab
519 857 583 916 Diis
601 856 812 933 hominibusque
833 859 929 916 urbem
944 878 1009 916 con-

10 935 11 982 ἶ
64 935 207 994 ‘venisti’
741 945 744 956 “

10 1089 11 1092 ¹
96 1014 182 1074 Llll.
205 1023 213 1054 ⁶
229 1015 305 1076 Sed²
325 1035 370 1074 res
383 1017 442 1094 ipra
455 1017 531 1092 cogit
544 1027 649 1076 restem
662 1016 797 1074 incendiis
810 1015 952 1092 ruinisque
965 1037 1008 1074 re-

63 1094 207 1171 ‘linquere
219 1097 326 1165 urbem,
340 1107 370 1154 et
382 1085 418 1154 ad
431 1097 538 1172 integra
551 1096 643 1154 omniu
657 1094 743 1172 Vejos
757 1097 883 1172 migrare,
897 1116 950 1154 uec
962 1094 1008 1152 blc

62 1175 255 1234 ‘aedificando
277 1175 388 1252 inopem
410 1175 520 1254 plebem
543 1195 651 1234 vexare.
692 1175 776 1234 Hauc
795 1187 889 1234 autem
908 1175 1008 1251 jactari

61 1253 169 1330 ‘magis
183 1272 305 1323 causam,
326 1253 408 1330 quim
423 1273 514 1314 veram
529 1275 599 1323 esse,
620 1266 652 1314 nt
668 1273 721 1330 ego
734 1274 789 1312 non
804 1255 904 1324 dicam,
925 1273 1011 1333 eppe·

61 1337 139 1390 ‘rere
153 1335 243 1403 vobis,
265 1333 397 1402 Quirites,
418 1345 505 1413 puto;
527 1334 575 1411 qui
595 1334 767 1404 meministis,
783 1346 848 1392 ante
862 1334 1007 1394 Gallorum

60 1413 241 1484 ‘adrentum
255 1413 336 1470 sulris
350 1413 431 1472 tectis
445 1413 563 1492 publicis
575 1414 753 1490 privatisque,
772 1425 863 1472 stante
876 1414 1008 1473 incolumi

60 1493 157 1562 ‘urbe,
172 1491 245 1552 hauc
258 1493 375 1550 eandem
388 1512 447 1551 rem
461 1504 550 1552 actam
565 1513 634 1563 esse,
654 1504 687 1551 ut
702 1491 786 1570 Vejos
800 1493 1008 1571 transmigrare·

60 1576 67 1603 ‘
79 1591 141 1630 mas
149 1571 172 1632 ³.
207 1572 247 1630 Et
255 1571 355 1640 ridete,
367 1583 501 1648 quantum
512 1573 584 1631 inter
596 1593 686 1632 meam
697 1573 863 1632 sententiam
873 1581 1007 1632 vestram·

60 1655 133 1726 ‘qne
156 1651 276 1722 intersit,
300 1652 410 1710 tribuni.
457 1651 525 1720 Vos,
547 1652 657 1712 etiamsi
679 1666 747 1712 tuuc
770 1654 927 1712 laciendum
951 1673 1007 1712 non

60 1730 172 1800 ‘fuerit
187 1751 263 1790 nunc
275 1731 371 1808 utique
391 1731 547 1792 faciendum
568 1733 672 1810 putatis
683 1754 696 1790 ι
711 1751 764 1808 ego
777 1732 881 1814 contris,
897 1733 965 1809 (nec
978 1733 1007 1789 id

59 1815 67 1841 ‘
79 1810 173 1869 mirati
186 1811 246 1870 sitis
260 1811 345 1888 priris,
362 1809 454 1886 quim,
468 1813 549 1888 quale
569 1814 615 1878 ait,
628 1812 797 1888 audieritis)
818 1813 926 1870 etiamsi
940 1825 1008 1869 tunc

60 1889 256 1966 ‘migrandum
270 1891 376 1958 luisset,
390 1891 522 1950 incolumi
535 1893 595 1950 toti
607 1891 686 1960 urbe,
707 1910 782 1949 nnuc
796 1890 845 1949 bas
858 1892 951 1948 ruinas
964 1911 1007 1948 re·

56 1969 243 2046 ‘linquendus
256 1989 312 2030 non
326 1989 476 2028 censerem.
517 1970 629 2049 Quippe
649 1981 709 2027 tum
729 1989 813 2028 causa
825 1970 904 2026 nobis
918 1971 946 2027 in
960 1990 1008 2026 ur-

60 2049 141 2106 ‘bem
157 2061 267 2127 ceptam
286 2048 423 2126 migrandi
436 2049 551 2108 victorie
570 2062 652 2118 esset,
673 2049 791 2124 gloriosa
804 2049 883 2106 nobis
896 2069 929 2107 ac
943 2067 1008 2125 pos·

58 2128 146 2186 ‘teris
168 2129 286 2198 nostris3
306 2147 382 2189 nuuc
397 2125 473 2187 'boec
489 2129 617 2205 migratio
636 2129 716 2186 uobis
736 2129 837 2186 misera
857 2147 890 2186 ac
909 2129 1006 2205 turpis,

58 2213 66 2239 ‘
80 2206 172 2265 Gallis
184 2209 304 2284 gloriosa
316 2220 367 2268 est.
409 2207 473 2265 Non
488 2209 562 2266 enim
577 2208 719 2284 reliquisse
733 2208 859 2277 victores,
876 2208 926 2266 sed
939 2209 1008 2266 emi·

57 2287 148 2346 ‘sisse
168 2287 245 2356 victi,
267 2288 384 2366 petrium
405 2287 574 2356 videbimur;
595 2288 650 2346 boc
669 2288 705 2346 ed
724 2287 828 2346 Alliam
848 2287 923 2364 lugu,
954 2287 1008 2346 hoc

58 2371 163 2444 ‘capta
182 2367 258 2435 urbs,
275 2365 330 2426 hoc
346 2367 558 2426 circumsessum
575 2367 744 2444 Capitolium
763 2367 935 2426 necessitatis
955 2368 1007 2425 im·

56 2450 65 2478 ⁴
79 2445 215 2523 posuisse,
229 2458 261 2504 ιιι
274 2447 465 2505 desereremus
474 2453 589 2524 penates
599 2459 717 2513 nostros,
729 2447 912 2523 exsiliumque
922 2466 955 2505 ac
964 2449 1006 2504 fu-

54 2530 62 2557 ‘
77 2545 141 2600 gam
157 2526 237 2584 nobis
250 2545 287 2584 ex
300 2545 335 2584 eo
348 2527 411 2584 loeo
424 2527 668 2595 conscisceremus,
689 2547 772 2603 quem
786 2527 859 2584 tueri
873 2546 930 2584 nou
943 2546 1007 2603 pos-

57 2609 64 2636 ‘
77 2625 182 2664 semus.
212 2605 252 2663 Et
261 2605 336 2664 Gelli
347 2617 471 2664 evertere
481 2619 633 2684 potuerunt
644 2607 773 2676 Remum,
788 2625 870 2683 quum
884 2606 1004 2682 Romani

56 2690 64 2717 ‘
77 2685 227 2744 restituere
240 2705 296 2743 non
310 2685 477 2744 ridebuntur
490 2687 636 2764 potuisse?
659 2686 735 2750 Quid
749 2697 843 2750 restat,
864 2685 917 2742 nisi
930 2698 970 2754 ut,
983 2688 1009 2743 si

58 2770 64 2796 ‘
74 2764 134 2839 jam
149 2765 229 2822 noris
243 2765 330 2841 copiis
345 2765 464 2832 veniant,
481 2766 605 2840 (constat
618 2765 691 2823 euim
706 2765 754 2822 rix
767 2764 926 2824 credibilem
937 2767 1009 2824 mul-

58 2849 65 2875 ‘
79 2843 231 2902 titudinem
251 2844 337 2922 esse)
352 2857 381 2902 et
394 2843 517 2902 habitere
532 2845 560 2902 iu
574 2845 655 2922 capti
668 2845 703 2902 ab
717 2864 755 2912 se,
767 2844 877 2902 deserti
890 2864 908 2902 a
921 2846 1007 2913 vobis,

57 2921 132 2981 ‘hirc
147 2924 216 2980 urbe
232 2924 326 2993 velint,
347 2923 468 2981 sinetis?
486 2924 585 2988 Quid?
613 2925 637 2982 si
650 2943 704 2981 non
721 2923 795 2982 Galli
815 2921 877 2992 boc,
898 2925 948 2982 sed
962 2945 1009 2983 ve·

58 3008 66 3034 ‘
80 3014 155 3060 teres
167 3004 261 3061 hostes
275 3003 368 3073 vestri,
385 3003 478 3080 Aequi
493 3003 633 3074 Volscire‚
647 3003 757 3070 faciant,
779 3013 812 3060 ut
825 3005 1009 3080 commigrent

57 3081 211 3152 ‘Romam
233 3083 358 3141 velitisne
378 3083 439 3142 illos
455 3083 605 3154 Romanos,
626 3103 675 3141 ros
695 3082 827 3162 Vejeutes
846 3085 932 3142 esse?
952 3084 1011 3142 ιιι*

92 3229 98 3258 ¹
117 3229 183 3293 Livy
194 3231 237 3278 bes
248 3233 308 3280 been
321 3230 438 3279 censured
450 3231 488 3278 l'or
499 3233 598 3295 putriug
610 3231 657 3279 tbis
666 3238 796 3295 argument
807 3229 832 3278 in
842 3232 882 3279 the
890 3232 975 3278 mouth
986 3234 1015 3280 of

59 3297 189 3358 Camillus,
200 3301 255 3346 wbo
265 3315 314 3348 wns
325 3299 425 3347 himself
433 3299 514 3347 vested
522 3300 581 3348 with
590 3299 697 3364 military
705 3313 793 3362 power,
802 3299 922 3346 bestowed
932 3301 963 3361 by
972 3301 1012 3348 tbe

61 3365 167 3414 Comitia
186 3367 286 3415 Curiata
302 3366 359 3415 held
377 3367 477 3418 arveii.
517 3369 569 3416 But
581 3383 617 3414 rre
634 3369 693 3415 bave
709 3365 806 3428 already
818 3381 872 3414 seen
885 3365 937 3413 that
950 3367 1014 3429 Livy

60 3433 128 3480 leans
146 3443 172 3482 ιο
189 3435 230 3482 the
249 3435 357 3496 opinion,
375 3436 427 3482 that
445 3436 511 3482 these
531 3435 636 3484 Comitia
648 3451 709 3483 were
726 3433 781 3482 held
799 3442 824 3480 at
843 3433 931 3480 Rome.
970 3435 1015 3482 See

60 3517 84 3561 p·
104 3499 164 3558 34l,
188 3501 283 3554 noted.
386 3503 458 3552 'Sed
476 3504 561 3550 usbers
578 3503 602 3551 in
619 3518 650 3550 un
666 3501 786 3566 objection
804 3499 1014 3548 tobeausrrered.

59 3568 69 3596 ¹
86 3569 134 3617 See
149 3569 177 3618 C.
192 3568 233 3619 24.
303 3569 313 3599 ⁴
331 3569 408 3619 There
425 3585 465 3618 are
482 3579 531 3618 two
548 3571 661 3634 readings
678 3571 707 3620 of
721 3569 768 3616 this
784 3575 892 3628 passage,
911 3567 951 3618 tlte
968 3581 1015 3616 one

502 3639 555 3696 2c
