2262 3858
123 203 180 264 340
513 201 548 261 T.
567 201 670 262 Ltvrr

119 365 204 422 fuere.
245 359 364 437 Egressi,
378 359 451 418 haud
461 362 556 438 procul
568 363 645 430 urbe,
656 361 727 419 sicut
737 362 908 438 praedictum
918 375 985 428 erat,
996 363 1057 421 ces·

34 493 37 510 ,
122 456 165 501 tra
173 441 326 506 Gallorum,
340 442 430 498 intuta
442 441 619 517 neglectaque
627 441 663 499 ab
674 442 748 498 omni
757 455 834 518 parte
843 444 925 508 nacti,
937 443 1058 502 clamore

122 522 263 580 invadunt.
305 519 447 595 Nusquam
470 521 613 596 proelium,
637 522 763 578 omuibus
788 522 853 579 locis
877 523 976 580 caedes
999 536 1058 580 est:

123 603 197 658 nuda
210 619 323 676 corpora
336 599 364 656 et
377 601 466 657 soluta
478 619 575 657 somno
588 600 766 658 trucidantur.
806 600 955 659 Extremos
965 615 1059 659 tamen

123 700 207 754 pavor
220 679 353 737 cubilibus
367 679 423 735 suis
436 679 549 745 excitos,
564 699 634 754 quaa
647 692 695 736 ant
709 680 781 737 uude
791 680 832 736 vis
845 693 926 746 esset,
939 681 1058 757 ignaros,

122 761 151 817 in
173 761 273 835 lugam,
298 771 327 816 et
348 758 480 833 quosdam
501 758 530 814 in
550 757 769 834 hostemipsum
792 759 961 835 improvidos
984 761 1060 817 tulit.

122 838 229 914 Magna
244 857 306 915 pars
326 837 354 893 in
373 857 468 912 agrum
486 837 629 895 Antiatem
644 838 735 905 delati,
755 838 909 896 incursione
922 841 958 896 ab
980 841 1060 916 oppi-

122 919 199 976 danis
212 919 241 974 in
254 915 359 994 palatos
371 916 451 983 facti,
466 916 724 974 circumveniuntur.
766 916 868 974 Similis
882 919 910 974 iu
924 937 992 994 agro
1006 919 1060 976 Ve-

117 997 189 1074 jenti
201 997 355 1055 Tuscorum
365 995 436 1052 facta
448 1007 551 1071 strages
565 1008 625 1053 est:
646 997 693 1071 qui
706 994 790 1062 urbis,
800 995 856 1072 jam
871 1016 957 1073 prope
971 999 1059 1072 quad·

122 1076 347 1153 ringentesimnm
360 1094 460 1131 annum
474 1075 587 1141 vicinae,
608 1094 753 1150 oppressae
770 1074 804 1132 ab
819 1075 896 1132 hoste
916 1076 1058 1134 invisitato

122 1156 308 1231 inauditoque,
322 1155 391 1211 adeb
404 1153 470 1210 nihil
485 1153 599 1211 miseriti
612 1166 684 1221 sunt,
700 1154 774 1210 utin
788 1173 881 1228 agrum
898 1155 1058 1212 Romanum

122 1256 156 1293 eo
167 1249 289 1310 tempore
297 1233 465 1290 incursiones
473 1233 601 1299 facerent,
611 1233 738 1308 plenique
745 1233 862 1308 praedae
871 1233 956 1311 Vejos
964 1235 1058 1302 etiam,

122 1315 342 1392 praesidiumque
363 1325 392 1370 et
411 1332 486 1388 spem
504 1311 629 1369 ultimam
644 1312 763 1369 Romani
776 1311 902 1378 nominis,
923 1313 952 1370 in
965 1315 1059 1370 animo

122 1393 267 1451 habuerint
280 1411 446 1467 oppugnare.
486 1391 620 1448 Viderunt
633 1409 680 1449 eos
694 1391 794 1448 milites
809 1391 937 1460 Romani,
959 1411 1059 1468 vagan-

99 1515 106 1530 .
122 1485 165 1530 tes
179 1492 228 1548 per
240 1491 319 1548 agros
331 1482 360 1527 et
372 1470 674 1546 congregatosagmine
684 1471 812 1546 praedam
823 1489 886 1547 prae
897 1491 927 1528 se
936 1485 1059 1547 agentes,

124 1565 152 1609 et
166 1564 254 1609 castra
269 1549 417 1608 cernebant
429 1547 501 1606 haud
515 1551 610 1624 procul
624 1545 700 1626 Vejis
713 1550 810 1624 posita.
849 1549 919 1607 Inde
939 1551 1057 1626 primlrm

123 1631 262 1688 miseratio
275 1629 326 1695 sni,
341 1627 440 1685 deiude
453 1628 608 1702 indignitas,
619 1641 702 1704 atque
715 1648 750 1686 ex
760 1629 793 1685 eri
803 1628 842 1685 ira
855 1629 962 1686 animos
975 1631 1058 1706 cepit,

124 1716 133 1744 ‘
148 1709 307 1767 Etruscisne
321 1707 414 1772 etiam,
434 1727 451 1764 a
467 1707 565 1782 quibus
579 1707 681 1764 bellum
697 1707 834 1765 Gallicum
851 1709 879 1764 in
895 1728 926 1765 se
946 1711 1059 1766 avenu-

124 1795 215 1858 ‘sent,
235 1786 353 1846 ludibrio
372 1806 432 1843 esse
452 1787 542 1844 clades
555 1786 649 1844 suasi'
671 1786 726 1843 Vix
745 1798 931 1863 temperavere
952 1789 1058 1856 animis,

124 1869 190 1945 quin
211 1867 351 1944 externplo
370 1866 503 1942 impeturn
525 1867 659 1924 facerent:
680 1866 882 1942 compressique
895 1886 912 1924 a
926 1867 1059 1925 Caedicio

125 1948 293 2015 centurione,
314 1965 396 2022 quam
415 1944 526 2002 sibimet
544 1946 596 2022 ipsi
617 1946 810 2022 praefecerunt,
830 1965 889 2003 rem
907 1947 935 2002 iu
949 1960 1059 2004 noctem

124 2029 278 2086 sustinuere
286 2026 304 2083 ¹.
333 2024 452 2082 Tautirm
462 2044 512 2101 par
520 2024 636 2082 Camillo
647 2025 734 2082 defuit
743 2037 847 2093 auctor,
858 2038 952 2082 cetera
961 2027 1058 2083 eodem

124 2108 219 2165 ordine
233 2108 385 2180 eodemque
397 2104 521 2161 fortunae
535 2117 636 2162 eventu
648 2117 733 2180 gesta.
773 2104 849 2168 Quin
867 2105 961 2172 etiam,
983 2106 1057 2162 duci·

123 2188 175 2243 bns
189 2185 311 2263 captivis,
326 2184 373 2259 qui
386 2183 463 2240 caedi
478 2195 626 2241 nocturnae
640 2184 837 2260 superfuerant,
856 2186 891 2240 ad
905 2183 989 2240 aliern
1004 2203 1058 2241 ma·

124 2285 190 2321 nurn
205 2265 359 2322 Tuscorum
379 2263 413 2318 ad
429 2261 533 2320 Salinas
547 2263 669 2338 profecti,
690 2275 771 2320 nocte
790 2262 946 2337 insequenti
960 2283 996 2320 ex
1010 2264 1058 2320 im·

123 2344 233 2420 proviso
247 2342 377 2418 majorem
390 2341 502 2399 caedem
516 2342 635 2411 edidere,
650 2342 806 2419 duplicique
819 2342 934 2400 victoriis
946 2355 1058 2400 ovantes

123 2421 210 2499 Vejos
223 2422 347 2479 redeunt.

161 2500 269 2558 XLVI.
289 2500 395 2558 Romae
409 2499 516 2558 iuterim
530 2500 691 2575 plerumque
704 2501 810 2559 obsidio
824 2501 915 2576 segnis
928 2511 959 2558 et
972 2501 1056 2558 utrin-

124 2601 177 2656 que
191 2580 330 2639 silentium
344 2599 412 2646 esse,
426 2580 461 2636 ad
474 2579 504 2636 id
515 2579 620 2636 tantirm
635 2581 747 2638 intentis
761 2579 857 2646 Gallis,
872 2599 908 2637 ua
920 2581 984 2654 quis
997 2579 1056 2636 hos·

122 2662 192 2717 tium
213 2661 328 2718 evadere
348 2659 568 2717 intentationes
588 2671 698 2733 posset:
719 2679 804 2735 quum
820 2662 934 2734 repente
948 2657 1056 2735 juvenis

124 2739 268 2797 Romanus
282 2739 460 2796 admiratione
480 2738 509 2794 iu
527 2757 556 2794 se
576 2739 650 2794 cives
664 2736 809 2814 hostesque
823 2738 969 2800 convertit.
1010 2739 1054 2796 Sa-

124 2819 256 2876 crificium
270 2831 328 2876 erat
341 2831 442 2876 statum
456 2817 483 2872 in
498 2817 631 2880 Quirinali
645 2818 714 2875 colle
727 2819 803 2894 genti
817 2816 926 2875 Fabiae.
969 2818 1017 2873 Ad
1029 2818 1054 2872 id

26 2945 29 2950 .
123 2898 277 2955 laciendum
293 2898 326 2955 C.
341 2897 441 2954 Fabius
455 2895 556 2962 Dorso,
577 2896 687 2954 Gabino
700 2897 792 2954 cinctu
803 2896 823 2964 2,
844 2915 921 2954 sacra
934 2897 1055 2954 manibus

124 2997 230 3052 gerens,
245 2997 330 3052 quum
343 2977 378 3032 de
393 2975 530 3050 Capitolio
543 2975 736 3044 descendisset,
756 2996 806 3056 per
819 2975 924 3033 medius
937 2975 1051 3032 hostium

124 3056 254 3113 stationes
268 3075 400 3129 egressus,
415 3053 482 3110 nibil
496 3056 530 3110 ad
540 3073 634 3112 vocem
647 3054 809 3132 cujusquam
823 3067 990 3112 terroremve
999 3073 1051 3112 mo·

125 3149 178 3204 tus,
196 3136 224 3192 in
238 3133 407 3198 Quirinalem
423 3134 519 3192 collam
534 3132 665 3209 pervenit.
705 3135 803 3210 Ibique
823 3134 950 3192 omnibus
970 3134 1050 3191 solen·

160 3282 166 3310 ¹
188 3282 231 3328 See
242 3297 265 3342 p.
280 3279 337 3336 219,
349 3288 406 3326 note
419 3279 440 3326 l.
509 3279 519 3308 ¹
538 3279 590 3326 The
606 3283 699 3328 cinctus
719 3283 854 3340 Gabiaam
865 3279 937 3328 mode
951 3281 981 3328 os
993 3279 1049 3327 dress

124 3348 226 3409 adopted
243 3363 274 3395 ou
292 3345 383 3394 solemn
400 3346 528 3403 occasions,
546 3347 566 3393 is
583 3347 638 3392 thus
654 3345 776 3395 described
793 3351 825 3413 by
839 3350 876 3396 Dr
889 3347 978 3404 Adam,
996 3349 1049 3395 sroru

125 3416 235 3465 Servius:
256 3421 263 3444 ⁸
277 3413 329 3462 The
339 3425 391 3475 toga
403 3428 451 3460 was
462 3413 550 3462 tucked
566 3429 607 3474 np,
626 3414 674 3461 and
686 3415 725 3462 tbe
736 3416 816 3476 lappet
827 3416 855 3463 of
869 3416 887 3461 it
898 3416 990 3462 thrown
1002 3429 1049 3462 oser

123 3487 130 3510 ⁴
143 3483 230 3531 theleft
238 3481 358 3538 shoulder‚
368 3480 415 3528 and
423 3482 527 3543 brought
538 3479 615 3527 round
623 3480 700 3529 under
708 3484 748 3529 the
755 3483 819 3546 right
828 3497 878 3530 mm
887 3491 914 3530 to
925 3484 965 3531 the
972 3485 1047 3536 breast,
1106 3481 1107 3544 J

124 3554 132 3579 s
143 3565 169 3596 so
181 3553 231 3598 that
242 3550 261 3598 it
272 3548 356 3612 girded
367 3547 424 3606 bim,
436 3547 483 3595 and
495 3547 565 3596 made
576 3549 617 3595 the
628 3558 680 3612 toga
693 3550 783 3599 shorter
794 3549 842 3598 and
853 3549 948 3598 clu'ser.¹
