2224 3862
452 219 577 284 mune
597 217 654 282 111.
958 205 1013 286 ιὀι

75 379 151 444 'mia
168 403 228 442 ease
239 383 262 443 i’
280 393 436 458 ceteraque,
450 403 521 459 qnae
540 381 568 440 in
588 381 636 440 tali
654 401 684 439 re
704 381 844 440 muliebris
858 381 943 451 dolor,
958 399 1015 460 qno

74 479 114 524 eet
128 465 262 522 moestior
281 463 419 521 imbecillo
436 464 536 530 animo,
550 483 584 520 eo
599 461 761 520 miserabilia
774 463 862 537 magle
875 463 1014 538 querenti·

75 544 126 602 bus
137 543 261 620 subjicit.
302 542 431 598 Virorum
445 555 474 600 et
488 543 606 600 maxime
620 541 690 598 lcilii
705 561 758 598 vox
771 553 838 608 tota,
854 542 1016 600 tribuniciae

75 623 219 700 potestatis
236 642 271 680 ac
287 621 488 698 provocationis
501 623 536 679 ad
548 621 681 698 populum
699 634 818 698 ereptae,
833 622 1016 698 publicarum·

72 722 125 778 que
137 701 371 778 indignationum,
385 713 444 758 erat
455 701 471 757 ¹.

108 781 223 839 XLIX.
246 780 411 839 Concitatnr
434 779 585 837 multitudo
606 779 705 857 partim
732 779 877 838 atrocitate
899 780 1018 849 sceleris,

72 861 172 936 partim
189 879 240 936 epe
261 879 313 937 per
339 859 508 917 occasionem
533 859 698 935 repetendae
724 858 865 916 libertatis.
906 860 1016 937 Appiae

71 959 146 998 nunc
168 940 263 996 vocari
287 938 404 1004 Icilium,
428 957 502 996 nune
527 949 720 996 retractantem
742 939 841 1014 arripi;
864 941 1012 1014 poetremb,

71 1037 157 1094 ιιοιιιο
177 1018 399 1098 locasxndeundi
419 1017 619 1094 apparitoribus
642 1037 697 1073 non
718 1017 838 1085 daretur,
860 1018 929 1093 ipse,
948 1037 1013 1075 curn

71 1098 182 1174 agmine
198 1093 376 1174 patriciorum
395 1095 526 1173 juvenum
543 1117 592 1172 per
608 1097 716 1154 turbam
732 1097 843 1162 radens,
863 1097 892 1152 in
906 1097 1015 1154 vincula

71 1177 136 1235 daei
154 1177 246 1252 jubet.
285 1175 350 1235 Jam
374 1177 447 1233 cirea
470 1175 577 1234 Icilium
602 1194 657 1232 nou
679 1173 765 1232 solium
789 1175 1016 1244 multitudu„'sed

70 1256 158 1314 daces
171 1252 284 1332 qnoque
299 1255 482 1312 multitudinis
496 1268 573 1314 eraut
586 1253 621 1312 L.
637 1255 762 1312 Valerius
776 1268 804 1312 et
815 1253 859 1312 Μ.
870 1254 1015 1312 Horatiae.

71 1335 137 1404 Qui,
153 1336 266 1411 repulso
279 1335 383 1397 lictore,
397 1335 421 1390 si
430 1334 494 1410 jure
507 1347 609 1410 egeret,
624 1333 762 1392 vindicare
775 1354 805 1391 ee
819 1335 950 1412 aprivatn
960 1333 1014 1392 lci-

1 1485 2 1496 .
72 1415 139 1472 liam
151 1413 305 1481 aiebant²;
325 1415 349 1470 ei
364 1414 418 1470 vim
431 1413 529 1472 artene
542 1425 695 1482 conaretur,
712 1413 751 1470 ibi
764 1409 874 1489 quoque
894 1433 924 1472 ee
941 1413 1015 1471 baud

72 1494 190 1572 impares
203 1493 272 1550 sore.
313 1491 391 1550 Hinc
404 1505 481 1550 atrox
495 1492 659 1550 rixaoritur.
702 1493 841 1550 Valerium
851 1493 1015 1552 Horatium·

74 1593 126 1648 que
139 1574 222 1631 lictor
234 1573 386 1649 decemriri
399 1572 512 1629 invadit.
553 1571 727 1647 Franguntur
739 1592 756 1629 a
769 1573 946 1630 multitudine
960 1574 1014 1630 ine·

72 1672 125 1710 ces.
165 1651 202 1709 In
221 1651 383 1710 concionem
401 1652 509 1728 Appius
527 1652 658 1709 aseendit.
699 1652 859 1728 Sequuntur
879 1652 1014 1710 Horatiae

74 1731 265 1808 Valeriusque.
315 1731 372 1788 Eos
396 1731 492 1788 concio
513 1731 609 1788 audit:
637 1732 793 1788 decemviro
819 1729 1014 1808 obstrepitar³.

72 1811 134 1869 Jam
153 1831 207 1888 pro
227 1810 345 1885 imperio
358 1809 484 1866 Veledae
504 1811 645 1868 discedere
664 1811 800 1887 aprivnto
813 1811 923 1868 lictores
932 1810 1015 1887 jube·

74 1892 135 1948 batt
155 1909 255 1967 qaum,
270 1889 363 1946 fractis
376 1889 482 1952 animia,
499 1890 618 1965 Appius,
632 1889 704 1946 ritae
715 1903 849 1955 metuens,
859 1890 888 1946 in
900 1889 1015 1947 domurn

72 1989 101 2028 ee
119 1969 304 2047 propinquam
318 1969 386 2035 loro,
407 1969 500 2026 inseiis
519 1967 689 2035 adversariis,
710 1969 800 2043 eapite
819 1969 958 2035 obvoluto,
972 1987 1015 2026 re·

73 2049 151 2126 cepit.
195 2048 245 2126 Sp.
261 2048 380 2124 Oppius,
393 2059 425 2104 ut
438 2047 540 2105 auxilio
552 2047 673 2122 collegae
687 2059 769 2112 esset,
782 2047 811 2102 in
825 2047 914 2103 lornrn
928 2065 964 2103 ex
976 2048 1015 2104 al·

73 2129 130 2186 teri.
147 2140 229 2204 parte
249 2127 386 2204 irrumpit.
426 2126 511 2184 Videt
531 2126 677 2202 imperium
691 2126 718 2182 ri
731 2125 843 2182 victum.
885 2125 1015 2201 Agitatue

74 2207 171 2270 deiude
193 2206 324 2273 consiliis,
345 2207 380 2263 ad
401 2225 471 2282 quae
492 2225 526 2262 ex
547 2205 623 2262 omni
643 2216 720 2283 parte
733 2205 907 2262 assentiendo
921 2205 1014 2262 multis

70 2288 231 2346 nemoribus
257 2286 449 2362 trepidaverat,
476 2298 601 2343 senatum
626 2285 766 2362 postremo
787 2284 877 2342 vocari
896 2283 980 2362 jussit
990 2282 1014 2343 ⁴.

73 2366 112 2424 Ea
131 2387 188 2434 ree,
209 2362 287 2442 quiid
308 2385 423 2440 magnae
443 2365 514 2441 parti
530 2365 642 2422 Patrnm
663 2363 807 2441 displicere
825 2377 887 2422 acta
901 2365 1012 2423 decern·

71 2447 190 2504 virorum
203 2445 377 2511 videbantur,
391 2464 440 2521 epe
454 2464 503 2521 per
516 2458 641 2502 senatum
652 2444 788 2502 liniendae
799 2443 945 2520 potestatis
953 2445 1013 2523 ejas

72 2525 277 2584 multitudinem
299 2524 413 2582 sedavit.
455 2523 572 2582 Senatus
586 2543 637 2582 nec
650 2523 759 2600 plebem
773 2525 932 2581 irritandam
947 2543 1012 2582 cen·

72 2606 143 2672 snit3
164 2617 195 2662 et
214 2603 305 2662 multo
325 2603 412 2679 magis
429 2604 637 2676 providendum,
651 2623 686 2661 ne
700 2604 767 2678 qnid
782 2603 898 2679 Virginii
911 2603 1013 2662 adren-

71 2685 156 2742 tasin
171 2684 298 2741 exercitu
312 2683 404 2739 metius
417 2683 528 2741 laceret.

106 2763 141 2821 L.
163 2763 265 2838 Itaque
285 2762 362 2820 missi
376 2761 501 2840 juniores
523 2763 635 2820 Patrnrn
655 2761 685 2818 in
705 2773 801 2829 caetra,
822 2779 892 2836 qaae
908 2762 1013 2819 tamin

71 2856 163 2901 monte
179 2842 288 2914 Vecilio
308 2854 394 2908 erant,
414 2842 546 2900 nunciant
562 2841 732 2907 decemviris,
754 2848 808 2897 ‘ut
822 2841 897 2897 omni
911 2861 964 2919 ope
977 2843 1012 2900 ab

73 2922 230 2982 ‘reditione
244 2921 346 2980 milites
359 2921 517 2980 contineant
527 2920 544 2977 ι’
564 2921 612 2978 ubi
622 2921 762 2996 Virginius
776 2918 917 2997 majorem,
928 2919 1013 2996 quini

102 3081 108 3110 ¹
133 3085 254 3132 Virorum.
265 3081 309 3128 dre.
348 3079 567 3129 Tbeclamouraol
576 3077 783 3134 themen,audol
793 3079 1012 3138 leiliusaboseall,

69 3164 116 3196 was
129 3148 221 3210 wholly
232 3145 338 3196 directed
356 3148 450 3210 eguinst
466 3149 505 3196 the
519 3148 659 3212 abrogation
671 3147 700 3194 of
714 3149 754 3194 the
770 3147 906 3195 tribunicial
923 3164 1012 3209 porum,

69 3216 116 3268 aad
133 3217 175 3265 the
193 3216 279 3277 eppeal
296 3225 321 3262 ιο
332 3215 372 3262 the
383 3215 477 3277 people,
493 3215 540 3264 aad
553 3215 641 3263 eeboed
653 3216 692 3262 the
703 3215 786 3274 public
796 3230 879 3263 causes
890 3216 919 3262 of
932 3215 1013 3278 indig.

66 3284 162 3332 aetium
239 3281 249 3307 ¹
269 3287 323 3340 Qut,
336 3284 380 3332 διο.
413 3285 488 3342 who,
498 3283 587 3345 haring
598 3281 680 3330 driven
692 3282 752 3330 back
762 3285 802 3331 tbe
810 3283 887 3340 lictor,
895 3281 952 3335 said,
962 3284 1014 3331 that

67 3352 89 3399 it
105 3352 206 3414 Appius
220 3366 268 3398 was
284 3351 366 3412 acting
383 3351 407 3396 in
420 3352 568 3413 consistency
585 3351 642 3398 witlr
659 3349 713 3404 law,
729 3352 785 3412 they
796 3348 914 3397 defended
928 3348 1013 3396 Icilius

69 3419 132 3466 from
144 3419 206 3474 him,
215 3419 289 3480 being
304 3419 331 3464 iu
348 3433 363 3464 a
374 3419 464 3477 private
480 3419 574 3465 station.
644 3417 654 3446 ⁸
673 3420 804 3478 obstrepere
814 3418 895 3468 elicui,
905 3423 930 3459 ιο
941 3414 1014 3460 ειιοιιι

72 3485 142 3534 down
151 3485 283 3546 aspealrer.
304 3485 368 3538 Solu
380 3485 475 3542 Sallust,
487 3486 539 3536 Cat.
550 3484 590 3533 31.
602 3487 728 3545 obstrepere
733 3499 794 3544 pene
802 3485 890 3528 tunes·
935 3478 944 3505 ⁴
954 3479 1013 3536 This

73 3552 175 3616 reading
189 3567 267 3601 seems
278 3562 303 3602 ιο
314 3554 344 3600 be
356 3553 395 3599 tlne
406 3554 465 3600 best.
504 3553 574 3600 Some
585 3550 642 3602 read
653 3545 1011 3611 agitatis,-otpue,-trepiclrra
