2224 3862
469 216 594 278 LIBER
615 219 652 278 V.
957 226 1014 283 299

81 385 165 446 ‘turm
185 395 243 434 non
263 377 447 453 magistratus,
462 397 516 436 non
530 379 613 454 leges,
627 397 683 434 non
696 397 786 436 morer
799 377 942 458 majorum,
957 401 1011 440 non
1043 379 1047 388 ’

78 457 222 516 ‘instituta
235 470 354 534 patrum,
369 477 425 514 non
439 457 609 534 disciplinam
623 457 711 516 vereri
724 458 855 517 militiae!

109 536 176 594 VII.
198 537 254 594 Par
268 535 327 612 jam
348 537 430 594 etiam
452 537 480 593 in
501 537 678 595 concionibus
696 549 754 596 erat
768 539 877 614 Appius
895 539 1011 598 tribunis

1 635 4 645 ·
75 617 174 692 plebis:
195 635 284 690 quum
298 615 398 684 subito,
412 617 486 673 unde
499 617 612 672 minime
626 616 687 690 quis
700 617 832 685 crederet,
841 631 954 694 accepta
967 639 1011 678 ca-

74 697 178 754 lamitas
190 696 266 771 apud
282 693 367 770 Vejos
380 707 410 752 et
424 697 594 770 superiorem
611 695 734 770 Appium
749 696 777 752 in
791 697 881 763 causi,
901 712 930 755 et
946 719 1011 756 con·

73 777 193 834 cordiam
214 775 342 832 ordinum
360 773 492 852 majorem
507 776 687 849 ardoremque
700 775 736 831 ad
750 775 914 833 obsidendos
928 779 1011 854 perti-

0 927 1 930 *
73 855 164 914 naciirs
178 853 353 929 Vejosfecit.
395 851 573 929 Numquam
595 873 678 928 agger
697 867 840 930 promotos
858 856 893 912 ad
906 859 1012 925 urbem,

72 935 224 1008 vineaeque
237 933 344 990 tantirm
360 952 414 989 non
423 931 481 1009 jam
494 942 500 970 ¹
515 933 653 1012 injunctae
670 933 814 990 moenibus
827 948 927 1002 essent,
946 937 1012 994 dum

1 1066 2 1091 ,
72 1033 152 1090 opera
166 1012 288 1068 interdiu
302 1012 371 1068 fiunt
384 1012 524 1079 intentius,
535 1011 617 1086 quam
626 1025 707 1069 noete
721 1013 923 1082 custodiuntur,
934 1027 1012 1090 pate-

1 1155 2 1166 *
72 1094 142 1150 factis
155 1094 272 1166 repente
282 1091 369 1166 porti,
380 1091 477 1166 ingens
485 1091 642 1157 multitudo,
653 1091 759 1148 facibus
769 1092 889 1150 maxime
899 1107 1015 1163 minata,

1 1195 2 1240 l
71 1173 146 1248 ignes
160 1170 299 1246 conjectus
319 1169 457 1245 horaeque
474 1183 616 1228 momento
629 1170 709 1226 simul
723 1190 851 1246 aggerem
865 1191 898 1229 ac
912 1173 1013 1240 vineas,

1 1253 2 1304 ἒ
71 1265 124 1309 tam
147 1251 227 1326 longi
250 1249 382 1324 temporis
403 1269 483 1326 opus,
507 1249 664 1306 incendium
687 1248 796 1316 hausit;
816 1250 952 1326 multique
975 1253 1014 1310 ihi

72 1330 211 1396 mortales,
224 1329 407 1404 nequicquam
421 1347 502 1404 opem
516 1330 644 1396 ferentes,
664 1329 736 1386 ferro
749 1329 861 1405 ignique
875 1329 1015 1409 absumpti

70 1423 142 1467 sunt.
178 1409 265 1472 Quod
275 1408 321 1464 ubi
331 1409 450 1465 Romam
464 1420 506 1466 est
519 1407 689 1474 nunciatum,
701 1409 866 1466 moestitiam
878 1412 1014 1482 omnibus,

1 1519 2 1522 ¹
70 1487 180 1548 senatui
201 1507 296 1545 curam
313 1502 473 1562 metumque
493 1487 597 1564 injecit,
617 1506 653 1544 ne
669 1499 728 1544 tum
743 1484 809 1545 verb
823 1489 951 1548 sustineri
964 1511 1016 1550 nec

1 1571 2 1574 ’
69 1569 97 1625 in
111 1567 182 1626 urbo
196 1567 308 1634 seditio,
328 1585 381 1624 nec
398 1566 426 1622 in
445 1567 540 1625 castris
558 1579 660 1643 posset,
681 1578 710 1623 et
723 1566 826 1625 tribuni
839 1569 928 1644 plebis
941 1571 1017 1629 velut

69 1649 104 1706 ab
122 1667 155 1704 se
174 1646 266 1704 victae
285 1644 455 1722 reipublicae
474 1645 654 1704 insultarent:
675 1665 760 1722 quum
773 1650 896 1724 repente,
917 1651 1016 1726 quibus

69 1746 168 1786 census
182 1737 312 1801 equester
325 1740 392 1792 erat,
409 1723 473 1800 equi
487 1725 590 1800 publici
602 1743 658 1783 non
671 1739 749 1784 erant
761 1727 901 1802 assignati,
923 1731 1014 1788 consi-

69 1807 108 1864 lio
119 1805 198 1882 priirs
212 1806 284 1862 inter
297 1820 358 1862 sese
371 1803 473 1872 habito,
484 1816 611 1862 senatum
624 1805 747 1870 adeunt;
767 1807 894 1882 factaque
907 1796 1017 1866 dicendi

69 1895 219 1961 potestate,
234 1891 242 1918 ⁴
257 1884 335 1960 equis
348 1903 378 1940 se
392 1883 449 1940 suis
462 1883 599 1959 stipendia
608 1883 735 1940 facturos'
747 1885 921 1959 promittunt.
946 1887 1017 1951 Qui·

69 1967 121 2022 bus
134 1983 225 2040 quum
239 1962 413 2039 amplissimis
427 1961 517 2020 verbis
537 1963 640 2038 gratiae
654 1961 689 2018 ab
703 1975 801 2020 senatu
818 1975 896 2022 actae
917 1979 1018 2036 essent,

68 2045 200 2119 famaque
213 2062 247 2101 ea
259 2043 348 2100 forum
363 2053 446 2117 atque
458 2043 554 2100 urbem
569 2039 742 2117 pervasisset,
758 2041 850 2099 subitb
864 2043 899 2099 sd
913 2044 1018 2102 curiam

69 2142 224 2182 concursus
244 2121 276 2180 fit
299 2121 396 2198 plebis.
438 2128 445 2155 ‘
468 2120 609 2178 Pedestris
626 2113 728 2176 ordinis
748 2120 796 2188 se,'
814 2121 899 2190 aiunt,
922 2129 1018 2182 ‘nuno

70 2201 185 2270 ‘esse²,
207 2219 374 2278 operamque
395 2199 560 2276 reipublicae
576 2210 654 2257 extra
673 2199 796 2257 ordinem
811 2201 945 2276 polliceri,
967 2222 1017 2261 seu

68 2282 188 2359 ‘Vejos‚
209 2299 260 2338 sen
279 2276 334 2355 quir
354 2276 407 2336 alib
428 2280 529 2336 ducere
549 2279 642 2336 velint.
693 2277 724 2336 Si
738 2278 822 2357 Vejos
843 2281 920 2338 ducti
940 2282 1013 2351 sint,'

67 2375 181 2438 negant,
204 2357 257 2416 ‘se
274 2359 339 2416 inde
358 2358 442 2452 prilla,
462 2357 543 2434 quiam
558 2357 639 2435 capti
655 2358 722 2416 urbe
742 2357 862 2417 hostium
877 2361 1012 2422 redituros

68 2439 170 2498 ‘esse’
213 2437 287 2496 Tum
307 2455 372 2496 vero
388 2437 448 2514 jam
467 2437 675 2514 superfundenti
695 2457 724 2495 se
742 2437 862 2498 laetitiae
875 2441 922 2498 rix
941 2453 1012 2500 tem·

67 2531 198 2596 peratum
218 2532 270 2576 est.
310 2517 376 2574 Non
392 2517 475 2584 enim,
495 2517 568 2575 siout
587 2519 702 2592 equites,
723 2519 788 2575 dato
808 2519 1012 2595 magistratibus

66 2599 193 2676 nogotio,
207 2595 409 2674 laudarijussi;
429 2616 519 2672 neque
533 2597 622 2654 autin
636 2597 740 2655 cunam
749 2599 848 2666 vocati,
859 2599 959 2674 quibus
969 2619 1011 2658 re·

67 2696 203 2755 sponsum
218 2677 338 2743 daretur,
352 2688 401 2733 aut
413 2676 507 2733 limine
518 2676 609 2734 curiae
621 2676 812 2734 continebatur
821 2690 948 2736 senatus:
962 2681 1012 2737 sed

67 2778 119 2834 pro
134 2777 165 2814 se
180 2756 296 2831 quisque
310 2773 345 2812 ex
358 2755 498 2829 superiore
511 2755 573 2813 loco
583 2756 618 2812 ad
629 2755 843 2824 multitudinem,
857 2757 886 2813 in
900 2759 1012 2816 comitio
1048 2759 1057 2769 “

68 2849 202 2903 stantem,
224 2855 292 2892 voce
318 2834 499 2909 manibusque
530 2834 682 2910 significare
705 2835 843 2910 publicam
870 2836 1011 2896 laetitiam.

68 2925 77 2951 ‘
91 2917 212 2974 Beatam
227 2916 324 2972 urbem
336 2914 499 2982 Romanam,
508 2926 537 2970 et
547 2913 686 2980 invictam,
701 2925 730 2970 et
741 2926 880 2972 aeternam
891 2917 937 2974 illa
947 2937 1013 2975 oon-

68 3003 77 3034 ‘
91 2993 198 3054 cordiri’
212 2993 320 3052 dicere:
340 2993 451 3051 laudare
460 2993 575 3068 equites,
586 2992 697 3050 laudare
707 2992 826 3068 plebem,
837 2995 910 3052 diem
921 2996 1012 3072 ipsum

68 3075 202 3132 laudibus
211 3073 282 3130 ferre
292 3093 300 3129 ι
315 3079 323 3106 ‘
334 3071 433 3130 rictam
444 3070 512 3129 esse’
526 3073 605 3130 fateri
615 3079 622 3106 ‘
633 3071 792 3130 comitatem
803 3075 1013 3151 benignitatem-

104 3221 112 3250 ¹
134 3225 244 3270 Tantam
255 3221 372 3282 asnjam,
384 3219 442 3282 only
454 3228 497 3266 not
507 3221 583 3284 quite,
595 3219 689 3267 almost.
765 3215 775 3242 ¹
789 3219 891 3268 Various
901 3219 1014 3269 emenda·

70 3289 136 3338 tions
147 3288 179 3336 of
186 3288 234 3335 this
244 3303 344 3350 passage
355 3303 396 3335 are
406 3288 534 3348 proposed,
546 3289 629 3336 crithe
640 3286 736 3350 ground
747 3287 799 3334 that
807 3291 874 3336 these
885 3303 941 3336 men
954 3303 1015 3336 were

69 3367 115 3404 not
126 3355 186 3418 only
196 3371 272 3413 nunc,
283 3357 328 3403 but
339 3354 387 3402 had
397 3355 487 3416 always
497 3357 557 3404 been
565 3357 680 3418 pedestris
691 3351 799 3404 ordinis-⁸
824 3357 895 3403 Some
904 3354 963 3400 omit
974 3356 1015 3402 the

69 3442 119 3475 erae
137 3423 187 3472 aad
203 3441 257 3486 que,
269 3422 349 3470 whilst
361 3421 472 3485 Doering
482 3437 595 3484 proposes
605 3427 693 3472 odeum.
728 3422 781 3469 The
791 3435 904 3468 common
915 3419 1015 3483 reading

70 3493 91 3540 is
108 3490 256 3554 intelligible
271 3505 304 3538 on
321 3491 361 3538 the
377 3489 531 3552 explanation
541 3490 571 3538 of
588 3490 734 3551 Gronovius,
752 3489 802 3536 that
819 3490 876 3550 they
886 3501 949 3536 were
959 3501 1015 3536 now

70 3558 147 3624 ready
158 3558 246 3624 tcjoin
259 3559 299 3608 the
309 3557 383 3607 ranke
394 3557 423 3607 of
431 3557 471 3606 the
481 3557 533 3607 sont
544 3557 650 3608 soldiera·
