2232 3862
113 247 131 300 2
506 243 538 301 Τ.
559 243 658 304 LIVII

114 398 244 460 scientiae
257 400 340 459 causd
356 399 417 458 Atii
432 401 520 460 Nanii
533 401 649 480 auguris
662 399 826 460 consuluisse
832 402 943 478 fertur,
957 418 994 456 ou
1009 397 1061 468 td,

116 481 150 538 de
164 500 217 558 quo
230 479 370 558 cogitaret,
391 479 460 557 effici
468 491 579 558 posset.-
602 483 676 558 qnad
690 499 771 559 quum
786 477 907 555 illefieri
918 497 997 556 posse
1010 498 1066 534 rc-

115 557 267 635 spondisset
271 581 283 624 ;
286 559 405 636 jussisse
415 577 476 615 eum
484 557 705 618 naoaculdcotem
712 555 870 636 praecidere
875 579 887 622 ,·
898 556 980 634 idque
984 577 1064 636 pro-

117 637 192 692 tinus
202 632 237 692 ab
248 637 437 710 Attofizctum.
466 636 619 695 XXXVII.
632 637 899 714 Sabinosprneterea
910 634 968 692 acie
978 635 1066 692 uicit.-

118 715 287 772 XXXVIII.
309 715 409 774 Urbem
419 734 497 772 muro
508 716 694 782 circumdedit,
706 712 896 793 oloacassecit.
923 713 986 770 XL.
1002 713 1063 770 Oc-

119 793 190 850 cisus
207 802 247 850 est
264 794 298 851 ul
314 793 388 850 Anci
396 791 481 870 filiis,
497 814 579 872 quum
593 793 732 874 regndsset
746 811 833 850 annos
846 789 965 870 triginta
985 800 1063 850 octo.

119 871 197 929 XLI.
215 871 347 929 Successit
361 873 387 928 ei
401 875 461 930 Ser.
480 871 598 942 Tullius,
620 881 700 931 natus
714 891 747 929 ec
760 871 868 948 captiva
884 869 970 926 nobili
985 869 1063 928 Cor-

119 948 269 1016 niculana,·
286 949 332 1006 cui
339 970 436 1028 puero,
451 949 541 1008 adluc
554 950 583 1008 in
594 949 671 1008 cunis
682 949 781 1029 posito,
795 957 876 1027 caput
886 947 986 1006 arsisse
996 956 1064 1004 tra-

119 1028 206 1084 ditum
226 1037 274 1086 est.
314 1027 408 1098 XLII,
425 1028 534 1087 XLIII.
562 1030 683 1106 Vejentes
703 1037 784 1106 atque
797 1027 930 1084 Etruscos
946 1025 1064 1104 praelio

105 1105 201 1181 fudit.
245 1107 362 1164 Censum
371 1106 480 1184 primns
493 1107 558 1185 egit.
594 1108 730 1168 Lustrum
743 1104 873 1174 condidit,
888 1125 941 1182 qno
954 1105 1061 1162 civium

117 1183 208 1262 capitu
225 1204 304 1242 censa
318 1185 455 1262 octoginta
472 1185 560 1244 millia
573 1205 629 1244 esse
644 1185 782 1250 dicuntur.
826 1181 941 1250 Classes,
961 1192 1060 1240 eentu-

117 1262 229 1339 riasque
241 1261 392 1337 descripsit.
429 1263 536 1321 XLIV.
546 1263 723 1320 Pamaerium
734 1259 872 1340 protulit:
888 1259 967 1319 colles
982 1262 1060 1330 urbi,

122 1339 303 1408 Quirinalem,
320 1339 489 1411 Viminclem‚
499 1339 847 1420 Esanlinumqueadjecet.
870 1339 960 1398 XLV.
974 1339 1061 1396 Tem-

111 1417 765 1496 plumDianaecumLatinisinAventinofiecit.
785 1418 906 1486 XLVII,
916 1419 1061 1478 XLVIII.

116 1497 283 1573 Interfectus
291 1504 330 1554 est
338 1517 356 1552 a
365 1497 402 1556 L.
416 1497 581 1576 Tarquinio,
593 1497 688 1556 Prisci
689 1497 768 1574 filia,
779 1496 891 1555 consilio
893 1496 979 1575 filiae
987 1519 1062 1557 suae

118 1573 239 1643 Tulliae,
250 1595 333 1653 quum
344 1575 481 1651 regndsset
495 1575 919 1654 annosquadragintu.quotuor.
945 1577 1061 1636 XLIX.

116 1652 189 1710 Post
208 1653 280 1715 Iunc
300 1655 337 1712 L.
361 1653 701 1734 Tarquiniussuperlns,
722 1674 808 1732 neque
821 1662 946 1732 patrum,
967 1675 1062 1734 neque

112 1730 213 1808 populi
221 1735 316 1810 jussu,
332 1752 447 1811 regnum
463 1733 586 1795 inuasit:
610 1752 663 1812 quo
682 1733 728 1792 die
743 1730 874 1792 scelerata
891 1733 986 1792 Tullia
1000 1755 1060 1812 per

112 1809 206 1886 patris
213 1811 337 1888 jaceretis
351 1831 449 1890 corpus
462 1821 621 1890 carpentum
639 1810 703 1890 egit.
744 1811 876 1870 Armatus
890 1810 962 1871 cirea
976 1833 1005 1871 se
1018 1815 1063 1870 ad

117 1890 268 1946 custodiam
281 1889 404 1969 corporis
417 1890 460 1948 sui
474 1889 578 1950 tatuit.
617 1891 652 1960 L,
666 1889 717 1950 LI.
733 1890 861 1966 Turnum
877 1890 1061 1950 Herdonium

105 1966 219 2039 stende
232 1967 376 2030 interemit.
403 1969 483 2028 LIII.
493 1967 605 2028 Bellum
614 1984 675 2028 cum
690 1967 791 2028 Volscis
797 1968 903 2045 gessit.-
925 1969 1004 2028 LIV.
1014 1969 1062 2026 Et

117 2064 151 2102 ec
164 2065 257 2104 eorum
267 2047 375 2124 praeda
388 2047 517 2126 templum
528 2049 595 2108 Jaoi
607 2049 637 2106 in
654 2045 791 2126 Capitolio
792 2047 877 2123 fecit.
908 2049 1060 2106 Terminus

118 2125 509 2186 etJuoentusnonaddicere:
525 2123 829 2206 quorumaraemooeri
837 2128 1060 2204 uonpatu'erunt.

119 2202 182 2260 LV.
197 2203 269 2260 Filii
284 2205 362 2262 Secti
380 2203 530 2282 Tarquinii
543 2205 614 2275 dala,
631 2203 734 2264 Gabios
754 2203 784 2262 in
799 2211 958 2281 potestatem
976 2224 1061 2261 suam

119 2279 231 2358 redigit.
270 2281 348 2338 LVI.
364 2283 463 2360 Hujus
464 2283 541 2362 filiis
555 2282 680 2362 Delplnos
695 2281 834 2361 prefectis,
852 2289 878 2340 et
891 2280 1062 2340 consulenti-

120 2359 177 2428 bus,
193 2359 254 2436 quis
268 2379 361 2417 eorum
372 2371 538 2439 regnaturus
548 2372 616 2422 esset
627 2363 742 2431 Romae,
753 2361 911 2430 dictumest,
922 2380 983 2418 eune
994 2381 1060 2438 reg·

118 2445 259 2506 natarum,
279 2439 327 2516 qui
337 2437 444 2516 primns
457 2449 571 2498 matrem
585 2439 721 2500 osculatus
734 2448 809 2498 esset.
852 2439 934 2506 Quod
946 2459 1059 2518 respon-

120 2535 179 2574 sum
196 2535 279 2593 quum
299 2517 354 2594 ipsi
372 2515 455 2574 aliter
475 2518 732 2598 interpretarentur,
751 2517 857 2578 Junius
870 2519 989 2586 Brutus,
1009 2519 1062 2596 qui

119 2614 180 2652 cum
194 2594 229 2652 iis
237 2597 380 2673 prefectus
394 2604 463 2665 erat,
478 2597 640 2676 prolapsum
654 2617 682 2654 se
694 2595 842 2665 simulauit,
860 2603 885 2654 et
898 2604 1000 2654 terram
1015 2617 1059 2654 os·

119 2672 225 2731 culatus
234 2682 282 2732 est.
306 2673 950 2753 qunefisatumeiuseuentusreicomprolaoit.
980 2676 1060 2732 Num

120 2771 212 2828 quum,
226 2753 388 2830 impotenter
401 2773 429 2813 se
438 2755 569 2832 gerendo,
584 2754 755 2831 Tarquinius
772 2752 910 2830 Superbus
924 2772 1014 2810 omnes
1028 2754 1060 2810 in

121 2829 213 2888 odium
227 2832 271 2890 sui
285 2831 442 2890 adduxisset
450 2856 463 2900 ‚·
481 2832 521 2890 ad
530 2831 663 2901 ultimum,
673 2841 788 2909 propter
798 2840 981 2910 expugnatam
995 2852 1059 2888 noc-

119 2909 202 2966 turnd
213 2910 241 2968 oi
251 2929 268 2966 a
281 2909 431 2987 Seatofilio
442 2915 501 2988 ejus
512 2911 661 2974 Lucretiae
668 2909 839 2987 pudicitiam,
853 2917 952 2988 (quoe,
963 2919 1060 2968 nocato

116 2995 199 3064 patre
209 2988 248 3045 ad
260 3009 289 3046 se
303 2989 477 3067 Tricipitino,
492 2999 518 3046 et
532 2989 592 3047 uiro
604 2987 752 3058 Collatino,
765 2988 906 3056 obtestata,
921 3008 956 3046 ne
967 2988 1058 3046 inulta

120 3085 193 3124 mors
215 3070 273 3143 ejus
294 3076 370 3136 essct,
392 3066 480 3126 cultro
501 3089 529 3126 se
552 3066 717 3137 interemit.)
766 3067 845 3125 LIX.
869 3067 957 3125 Bruti
977 3067 1060 3146 operui
1114 3071 1115 3076 ’

20 3141 25 3150 ’
120 3143 239 3204 manime
253 3145 380 3225 expulsas
395 3155 442 3216 est,
462 3167 546 3224 quum
560 3145 698 3224 regnasset
713 3164 802 3202 annos
815 3145 916 3225 uiginti
929 3147 1058 3223 quinque.
1114 3151 1115 3172 *

117 3223 180 3282 LX.
200 3226 228 3284 T
227 3246 280 3282 unc
294 3225 416 3283 consules
449 3221 548 3282 nimum
562 3225 648 3284 creati
660 3231 725 3284 sunt
739 3225 776 3283 L.
790 3225 897 3284 Junius
911 3223 1019 3284 Brutus
1032 3233 1057 3282 et
1114 3237 1115 3280 t

119 3304 157 3363 L.
175 3304 350 3383 Tarquinius
368 3246 532 3362 Collinum.
857 3297 859 3301 ’
1114 3291 1115 3302 ’
