2230 3846
18 231 20 310 p
451 213 575 274 LIBER
597 214 636 272 11.
955 213 1009 271 123

71 375 155 432 nmilia
180 375 291 432 fortuna
310 384 355 430 est
367 385 482 431 versata.
524 373 596 431 Nam
615 383 647 430 ut
665 373 750 431 altero
764 373 791 430 in
806 393 892 432 cornu
906 374 941 438 Q.
957 371 1009 430 Fa·

70 454 142 524 bium,
167 455 211 511 nic
231 455 261 510 in
276 451 330 511 hoc
349 453 439 530 ipsum
459 454 600 510 consulem
616 453 762 520 Manlium,
772 453 830 530 jam
845 455 920 511 velut
933 453 1008 509 fusos

69 547 191 608 agentem
212 533 316 599 hostes,
338 545 367 589 et
386 532 502 609 impigre
524 532 624 588 milites
644 533 733 590 secuti
754 546 834 590 sunt:
856 546 892 600 et,
913 546 945 588 ut
963 531 1008 588 ille

69 614 130 686 gravi
146 613 267 669 vulnere
287 612 360 668 ictus
376 631 412 667 ex
430 612 488 668 acie
509 611 600 678 cessit,
622 611 797 669 interfectum
810 613 870 678 rati,
891 611 1006 688 gradum

18 667 20 742 l
69 692 192 749 retulere.
235 691 446 765 Cessissentque
467 690 538 757 loco,
559 691 587 746 ni
605 691 699 747 consul
720 691 797 758 alter,
821 710 884 748 cum
905 690 1009 765 aliquot

69 771 159 826 turmis
176 771 302 845 equitum
317 769 346 825 in
361 781 540 846 campartem
556 769 641 826 citato
655 790 727 845 equo
737 771 877 836 advectus,
892 767 1008 826 ‘vivere'

18 857 19 896 t
70 849 207 906 clamitans
229 849 394 924 ‘collegam
416 867 445 904 so
460 848 592 905 victorem
606 849 668 905 fuso
688 849 774 906 altero
795 869 880 906 cornu
896 846 1010 915 adesse}

18 935 19 972 1
70 947 116 984 rem
139 929 303 985 inclinatam
325 927 509 983 sustinuisset.
550 927 673 984 Manlius
694 929 803 1004 quoque
817 929 852 984 ad
864 928 1009 985 restituen-

18 989 19 1020 ³
70 1007 123 1064 dam
137 1007 231 1064 aciem
245 1027 275 1063 se
289 1008 349 1082 ipse
364 1006 454 1062 corbm
467 1005 555 1062 offert.
596 1005 726 1063 Duorum
744 1007 886 1064 consulum
902 1007 1011 1082 cognita

70 1105 108 1142 ora
126 1087 289 1144 accendunt
310 1085 431 1141 militurn
447 1085 563 1142 animos.
606 1085 694 1142 Simul
710 1099 738 1143 et
750 1085 863 1142 vanior¹
878 1085 936 1162 jam
952 1099 1011 1141 erat

70 1163 185 1221 hostium
207 1165 292 1231 acies,
313 1166 390 1231 dum,
412 1165 569 1220 abundante
590 1165 767 1222 multitudine
781 1165 852 1231 freti,
873 1166 1012 1221 subtracta
1082 1199 1086 1210 -

71 1245 188 1300 subsidia
203 1245 321 1300 mittunt
335 1245 370 1300 ad
385 1256 473 1300 castra
487 1244 679 1319 oppugnanda.
721 1243 753 1300 In
769 1264 839 1319 qnae
852 1243 926 1301 haud
937 1263 1012 1318 mag·

71 1343 101 1379 uo
112 1324 266 1380 certamine
277 1323 384 1399 impetu
395 1324 475 1390 facto,
487 1323 554 1379 dum
565 1323 682 1399 praedae
693 1324 788 1398 magis,
799 1323 880 1398 quam
892 1341 1010 1399 pugnae,

71 1419 201 1459 memores
215 1415 311 1459 terunt
325 1413 450 1476 tempus;
471 1402 577 1458 triarii²
594 1403 723 1470 Romani,
734 1404 781 1478 qui
794 1403 910 1480 primam
923 1404 1009 1477 irrup-

71 1483 167 1538 tionem
190 1481 329 1538 sustinere
349 1501 403 1536 non
425 1493 580 1556 potuerant,
602 1482 692 1538 missis
706 1483 740 1538 ad
755 1483 880 1539 consules
894 1481 1010 1546 nunciis,

71 1581 119 1635 qno
132 1561 196 1618 loco
211 1581 255 1618 res
271 1573 371 1626 essent,
386 1560 541 1634 conglobati
555 1560 590 1617 ad
604 1563 770 1636 praetorium
785 1563 910 1628 redeunt,
921 1575 949 1618 et
963 1560 1013 1616 suri

71 1653 163 1715 sponte
183 1641 238 1716 ipsi
258 1640 394 1715 proelium
415 1651 565 1696 renovant:
586 1653 614 1696 et
629 1640 752 1697 Manlius
767 1641 870 1708 consul,
886 1651 1012 1697 revectus

71 1719 95 1774 in
114 1731 212 1788 eastra,
237 1720 274 1775 ad
296 1739 391 1776 omnes
414 1732 506 1794 portat
529 1718 615 1775 milite
636 1721 772 1796 opposito,
794 1721 918 1777 hostibus
938 1719 1011 1776 viarn

71 1799 208 1856 clauserat.
251 1797 294 1854 Ea
314 1798 469 1874 desperatio
484 1797 583 1854 Tuscis
603 1799 705 1856 rabiem
721 1800 816 1873 magis,
831 1799 914 1874 quarn
929 1799 1012 1856 auda·

73 1878 144 1944 ciam,
159 1877 298 1936 accendit.
341 1877 412 1933 Nam
428 1896 513 1952 quum
528 1879 707 1945 incursantes,
722 1879 886 1952 quicunque
906 1878 1011 1934 exitum

73 1958 225 2014 ostenderet
243 1975 315 2032 spes,
331 1975 402 2012 vano
415 1956 582 2030 aliquoties
575 1969 681 2047 rmpetu
694 1960 799 2020 issent;
819 1955 944 2032 globus
931 1975 1013 2031 Juve-

73 2055 131 2092 num
151 2055 227 2092 unus
243 2036 273 2092 in
287 2035 377 2109 ipsum
393 2035 556 2092 consulem
549 2035 684 2110 insignem
700 2037 782 2091 armis
796 2036 909 2092 invadit.
952 2035 1012 2091 Pri·

73 2135 112 2172 ma
124 2129 243 2190 excepta
256 2133 273 2171 a
286 2113 527 2172 circumstantibus
541 2115 604 2171 tela
646 2113 782 2171 Sustineri
797 2114 935 2171 deinde'
912 2133 951 2170 ιιι
965 2133 1013 2170 ne·

73 2195 134 2267 quit.
176 2193 284 2252 Consul
305 2194 446 2250 mortifero
471 2194 582 2250 vulnere
610 2193 681 2250 ictus
702 2195 784 2263 cadit,
809 2194 917 2269 fusique
941 2191 1014 2251 circa

74 2293 170 2332 omnes.
214 2273 316 2330 Tuscis
336 2274 434 2330 crescit
454 2273 577 2330 audacia.
619 2273 762 2330 Romanos
783 2285 870 2330 terror
890 2293 939 2349 per
955 2285 1014 2330 tota

73 2367 153 2410 castra
166 2353 293 2429 trepidos
307 2352 373 2426 agit.
415 2352 454 2408 Et
467 2351 502 2408 ad
516 2365 640 2409 extrema
654 2365 766 2410 ventum
782 2354 860 2420 foret,
876 2353 904 2409 ni
919 2353 1012 2428 legati,

73 2446 144 2506 rapto
159 2431 281 2490 consulis
295 2451 418 2507 corpore,
433 2432 627 2507 patefecissent
640 2433 696 2488 unfr
709 2433 789 2508 portis
799 2432 923 2490 hostibus
933 2435 1013 2489 viam.

75 2511 113 2566 aa
131 2524 301 2588 erumpunt;
322 2522 550 2585 consternatoque
571 2512 679 2586 agmine
693 2514 825 2569 abeuntes
839 2513 867 2568 in
882 2513 1014 2569 victorem

75 2589 182 2648 alterum
198 2591 326 2648 incidunt
340 2590 489 2646 consulem.
531 2589 573 2646 Ibi
588 2593 688 2647 iterum
702 2593 774 2648 caesi
784 2592 893 2666 fusique
903 2591 1013 2667 passim.

75 2668 192 2727 Victoria
206 2670 318 2745 egregia
331 2683 416 2745 parta,
432 2669 516 2725 tristis
530 2681 621 2726 tamen
634 2671 742 2726 duobus
756 2684 811 2728 tam
822 2671 901 2727 claris
911 2671 1014 2727 funeri·

74 2749 126 2804 bus.
166 2749 268 2825 Itaque
289 2748 393 2815 consul,
415 2749 580 2806 decernente
595 2761 691 2806 senatu
701 2749 879 2826 triumphum,
896 2756 903 2784 ‘
920 2749 951 2806 Si
965 2770 1011 2806 ex-

73 2835 80 2862 ‘
91 2830 190 2886 arcitus
199 2831 259 2884 sine
270 2829 434 2904 imperatore
445 2827 613 2904 triumphare
622 2829 717 2905 possit,
728 2848 778 2905 pro
789 2829 890 2886 eximii
898 2847 932 2886 eo
942 2830 1015 2886 hello

74 2910 173 2983 ‘operti
187 2908 268 2965 facile
278 2905 439 2982 passurum?
449 2908 605 2982 respondit:
621 2916 675 2974 ‘se
685 2908 789 2965 familia
798 2908 908 2965 funestis
916 2907 952 2972 Q.
963 2907 1013 2966 Fa·

74 2988 127 3043 ‘bii
140 2988 233 3044 fratris
248 2999 345 3052 morte,
355 2986 495 3062 republica
508 3006 542 3042 ex
551 2999 628 3062 parte
640 2988 706 3043 orbb
714 2988 827 3044 consule
836 2987 922 3044 altero
932 2988 1013 3044 amis·

73 3073 79 3098 ‘
91 3085 129 3135 so,
143 3067 258 3144 publico
268 3067 428 3141 privatoque
438 3067 587 3122 deformem
597 3067 675 3122 luctu
685 3066 806 3124 lauream
818 3085 873 3122 non
884 3081 1014 3142 acceptu-

69 3145 167 3204 ‘rum'
210 3145 297 3202 Omni
318 3156 380 3202 ecto
402 3144 540 3220 triumpho
567 3146 709 3220 depositus
735 3145 891 3221 triumphus
918 3146 1015 3202 clarior

69 3225 126 3283 suit.
169 3220 254 3282 Adel)
275 3237 367 3300 spreta
387 3225 414 3280 in
436 3223 579 3300 tempore³
600 3224 686 3299 gloria
699 3225 836 3281 interdum
852 3223 1015 3282 cumulatior·

100 3337 105 3364 ¹
130 3340 200 3384 Vana
212 3338 281 3390 ories,
294 3334 369 3382 aline
380 3333 409 3381 of
422 3334 505 3391 battle,
523 3335 615 3395 though
633 3334 772 3396 presenting
789 3349 803 3381 a
819 3331 961 3379 formidable
972 3346 1014 3389 ap-

69 3418 194 3464 pearance,
213 3401 299 3448 wealr
291 3417 317 3447 ιιι
329 3401 421 3462 realrty
460 3403 531 3448 Some
542 3400 597 3447 read
610 3405 697 3450 rarior
834 3399 962 3450 'Triarii,
974 3411 1014 3440 ve.

70 3481 157 3527 arans,
171 3471 227 3516 who
238 3467 331 3515 formed
343 3470 382 3516 the
394 3467 456 3516 third
469 3469 526 3516 line.
627 3469 637 3497 ⁸
652 3472 682 3517 In
694 3477 805 3530 tempore,
816 3460 970 3520 sessonably5
989 3475 1015 3507 so

71 3538 95 3584 ln
109 3535 221 3595 Greeh,’
215 3555 234 3584 tt
245 3540 316 3601 καιρῷ.
555 3601 573 3656 2

522 3617 539 3655 L
