2224 3862
431 174 557 234 LIBER
578 173 636 234 111ss
962 179 1021 236 225

76 333 118 394 lbi
132 333 226 412 paucis
240 333 463 402 defendentibus,
484 347 679 411 momentoque
699 334 774 402 fusis,
795 336 854 395 rina
868 335 1018 396 certamine

74 415 100 471 io
113 415 284 472 munitiones
298 414 471 490 irrumpuut;
492 415 646 492 praedaque
660 414 764 490 ingenti
773 429 928 493 compotem
938 436 1016 474 exer·

74 494 166 562 citum,
176 494 238 550 suis
252 493 336 550 etiam
346 494 428 550 rebus
436 495 611 570 recuperatis,
623 514 692 570 quae
701 496 875 570 populatione
889 515 1015 570 agrorum

9 603 10 626 r
72 573 186 630 amissae
200 585 291 638 erant,
305 573 450 630 reducunt.
490 572 673 650 Triumphum
690 593 741 630 nec
760 574 834 649 ipsos
854 575 1015 650 postultisse,

9 633 11 724 l
72 671 121 710 uec
134 651 262 709 delatum
277 651 311 708 iis
324 653 359 708 ab
372 664 478 720 senatu,
499 653 621 730 accipio:
642 672 693 710 nec
707 651 822 710 traditur
836 674 917 710 causa
930 653 1015 731 spreti

70 743 116 788 aut
134 751 194 788 nnn
212 731 317 808 sperati
337 729 457 788 honoris.
497 730 559 807 Ego
579 743 711 808 quantum
732 731 759 788 iu
780 745 857 788 tanto
873 733 1016 792 intervallo

70 821 229 887 temporum
246 809 374 886 conjicio,
394 830 480 886 quum
495 811 605 868 Valerio
618 823 700 887 atque
714 809 835 868 Horatio
847 812 1014 881 consulibus,

69 889 114 964 qui
126 902 243 967 praeter
253 889 370 946 Volscos
383 902 412 947 et
425 892 538 965 Aequos
548 889 642 948 Sabini
656 889 738 947 etiam
753 890 818 948 belli
832 891 944 966 perfecti
955 891 1014 967 glo·

69 969 133 1106 ll?
146 969 1013 1106 ltl“tt⁸¹¹‘·lt⁸ttttllttll‘ttttllttftntltt'

68 1125 151 1202 pbum
164 1151 173 1194 ς
194 1067 333 1194 nepetiabll,
345 1128 369 1183 si
382 1126 582 1203 impetrassent,
593 1127 679 1203 magis
689 1068 830 1185 hominurii
841 1128 919 1196 ratio,
930 1127 1013 1204 quiam

8 1259 9 1262 ,
68 1207 244 1272 meritorum,
259 1205 351 1263 habita
364 1206 513 1264 videretur.

102 1284 220 1343 LXXI.
252 1285 403 1343 Victoriam
424 1283 576 1354 honestam,
597 1305 632 1343 ex
652 1284 776 1344 hostibus
797 1299 911 1363 partam,
932 1298 1013 1364 turpe

67 1364 140 1422 domi
155 1366 195 1422 de
209 1365 312 1421 finibus
324 1364 461 1422 sociorum
477 1364 613 1440 judicium
629 1365 723 1443 populi
736 1366 906 1424 deformarit.
947 1368 1011 1424 Ari·

66 1443 118 1500 ciui
131 1457 224 1520 atque
239 1443 377 1502 Ardeates
390 1439 426 1502 tle
439 1445 569 1518 ambiguo
582 1465 648 1520 agro
668 1465 753 1520 quum
773 1466 855 1522 saepe
869 1446 940 1502 bello
953 1466 1011 1504 cer-

66 1522 180 1589 docnt,
196 1523 293 1580 multis
307 1523 335 1580 in
350 1522 438 1582 vicem
456 1523 579 1580 cladibus
592 1524 664 1590 fessi,
673 1523 796 1600 judicem
811 1526 942 1604 populum
954 1526 1011 1583 Ro·

65 1621 180 1660 mauum
195 1621 305 1678 cepere.
346 1602 440 1666 Quum
453 1603 489 1659 ad
507 1622 616 1661 causam
633 1603 763 1661 orandam
778 1605 924 1673 venissent,
946 1625 1011 1661 con·

66 1682 125 1740 cilio
138 1683 242 1759 populi
255 1702 273 1738 a
285 1681 487 1756 magistratibus
501 1682 574 1748 dato,
595 1684 695 1758 magni
714 1684 889 1742 contentione
909 1697 1011 1742 actum.

66 1760 186 1837 Jamque
201 1760 286 1818 editis
299 1761 423 1828 testibus,
438 1781 523 1836 quum
537 1761 625 1819 tribus
640 1763 738 1830 vocari,
752 1775 781 1820 et
794 1765 926 1840 populum
941 1763 1011 1821 inire

66 1840 230 1918 suffragium
245 1851 393 1916 oporteret.
408 1840 548 1916 consurgit
562 1841 595 1898 P.
610 1841 737 1917 Scaptius
751 1841 785 1899 de
800 1842 888 1919 plebe,
910 1862 1010 1917 magno

65 1933 147 1978 natur
169 1933 210 1988 et,
233 1919 287 1978 ‘si
305 1917 388 1984 licet’
409 1919 509 1994 inquit,
529 1920 685 1986 ‘conculca
705 1921 741 1978 de
757 1920 896 1998 republicis
909 1921 1008 1988 dicere,

66 2005 178 2057 ‘errare
199 2018 254 2073 ego
274 1998 405 2074 populum
420 1999 448 2054 in
463 1998 514 2054 bac
534 1999 616 2056 canali
634 2018 688 2054 uon
710 1997 813 2073 patiar.¹
854 1999 958 2066 Quum,
978 2013 1011 2056 ut

66 2097 176 2146 mum,
200 2097 266 2134 eum
287 2089 418 2152 negarent
438 2076 566 2135 consules
585 2077 752 2134 audiendum
770 2095 839 2144 esse,
860 2077 1009 2134 vociferan-

65 2171 188 2234 temque,
204 2157 306 2232 ‘prodi
321 2155 458 2232 publicam
472 2154 601 2222 causem,'
622 2155 777 2212 submoveri
785 2155 940 2231 jussissent,
961 2157 1008 2213 tri-

64 2237 153 2294 bunos
167 2236 298 2312 appellat.
339 2235 464 2304 Tribuni,
478 2247 510 2292 ut
522 2236 579 2292 sere
592 2254 701 2309 semper
714 2248 845 2310 reguntur
858 2235 1009 2293 arnoltitu·

64 2316 127 2374 diue
141 2315 243 2390 magis,
258 2312 339 2390 quam
355 2328 463 2390 regunt,
484 2315 585 2372 dedere
598 2315 714 2390 cupidae
727 2315 856 2372 audiendi
870 2314 952 2391 plebi,
967 2329 1007 2383 ut,

65 2415 133 2470 quae
146 2395 244 2461 vellet,
260 2393 388 2470 Scaptius
403 2393 515 2451 diceret.
556 2394 598 2450 lbi
612 2393 680 2460 infit,
702 2401 709 2427 ‘
726 2397 838 2451 Annum
853 2415 882 2452 se
896 2395 1008 2452 tertium

65 2481 113 2532 ‘et
127 2473 331 2549 octogesimum
346 2493 436 2549 agere,
457 2485 486 2530 et
505 2473 532 2529 in
553 2493 587 2530 eo
607 2493 680 2548 egro,
702 2473 736 2530 de
750 2493 805 2548 quo
819 2475 916 2548 agitur,
938 2475 1008 2530 mili·

64 2560 71 2588 ‘
84 2555 171 2618 tasse,
181 2573 238 2610 uon
247 2551 388 2627 juvenem,
400 2551 528 2610 vicesima
536 2550 596 2627 jam
606 2553 741 2628 stipendia
752 2567 911 2620 merentem,
922 2571 1008 2627 quum

63 2641 72 2668 ‘
83 2634 119 2692 ad
135 2632 265 2691 Coriolos
278 2631 314 2688 sit
327 2631 457 2688 bellatum
468 2629 485 2688 ¹.
520 2631 563 2688 Eo
574 2651 630 2690 reru
640 2652 669 2688 se
681 2644 815 2690 vetustate
826 2631 1007 2701 obliteratam,

63 2719 70 2746 ‘
83 2713 211 2770 ceterum
226 2731 292 2768 suae
306 2709 454 2768 memoriae
465 2710 584 2778 infixam,
594 2709 708 2777 affer1·e;
721 2731 825 2785 agrum,
837 2711 935 2786 dequo
949 2732 1008 2769 am·

64 2791 203 2868 ‘bigitan
230 2789 326 2846 finium
348 2789 556 2847 Coriolanorum
577 2790 670 2857 fuisse,
691 2790 832 2866 captisque
853 2786 970 2848 Coriolis
985 2791 1007 2859 ²,

64 2879 71 2904 ‘
79 2870 146 2945 jure
159 2869 227 2927 belli
242 2869 381 2944 publicum
393 2869 487 2945 populi
499 2869 618 2926 Romani
628 2869 739 2926 factum.
780 2867 926 2938 Miuulec,
938 2889 1006 2946 quo·

63 2957 150 3008 ‘nam
174 2966 252 3006 more
278 2949 414 3005 Ardeates
435 2948 606 3023 Aricinique,
630 2946 709 3024 cujus
729 2949 786 3023 agri
798 2947 845 3024 jus
865 2969 1005 3026 nunquam

65 3028 282 3106 ‘usurpaverint
300 3027 431 3085 incolomi
446 3027 592 3085 Coriolanb
612 3048 650 3096 re,
671 3047 734 3084 eum
749 3047 779 3085 se
795 3047 812 3084 a
827 3029 931 3104 populo
946 3029 1004 3087 Ro-

64 3115 179 3176 ‘mano,
202 3126 284 3182 quern
306 3127 357 3184 pro
378 3105 490 3164 domino
509 3105 633 3182 judicem
656 3106 778 3174 fecerint,
806 3107 1011 3184 intercepturos

65 3193 210 3264 ‘sperent
250 3185 310 3244 Sibi
329 3184 459 3262 exiguum
480 3185 552 3244 vitae
572 3197 682 3263 tempus
699 3206 858 3263 superesse:
880 3207 936 3244 non
955 3207 1006 3264 po-

96 3299 104 3330 ¹
123 3299 216 3350 Corioli
230 3315 278 3346 aaa
288 3299 368 3355 taken,
383 3311 406 3347 u.
422 3310 443 3346 c.
458 3297 514 3349 261.
526 3295 560 3346 48
571 3313 638 3360 years
648 3297 730 3346 before
740 3299 793 3345 this.
833 3298 941 3358 Scaptius
957 3295 1005 3344 had

65 3367 148 3420 setred
164 3365 196 3416 19
207 3366 353 3429 campaigns,
365 3365 413 3413 and
425 3367 558 3412 mosthene
569 3367 628 3412 been
643 3365 674 3414 16
685 3381 752 3428 years
764 3363 812 3418 old,
829 3365 910 3410 before
921 3366 950 3410 he
961 3379 1003 3410 eu-

66 3435 132 3483 tered
149 3437 192 3482 the
208 3435 305 3484 service.
342 3432 583 3500 48÷19÷16=ea
596 3435 635 3481 the
646 3447 699 3493 age,
711 3447 739 3478 or
750 3431 830 3490 nearly
839 3445 874 3488 so,
886 3429 962 3476 whicb
975 3430 1008 3486 be,

66 3503 122 3552 here
133 3502 203 3568 gives
213 3501 312 3550 himself
320 3511 363 3550 out
375 3511 401 3549 to
410 3501 470 3548 bave
481 3498 594 3549 attained.
661 3501 674 3530 ¹
694 3500 737 3546 See
748 3498 773 3544 ii.
788 3495 827 3544 33
