2224 3862
467 195 590 254 LIBER
613 194 666 254 111.
953 195 1009 260 211
1104 243 1105 246 ,

82 357 111 414 ob
128 373 187 412 eam
200 354 268 414 Jovi
281 353 389 430 optimo
402 353 522 410 maximo
535 372 663 412 coronam
676 367 785 412 auream
799 351 827 408 in
843 350 1010 426 Capitolium

77 437 156 492 tulere
176 435 252 510 parvi
273 432 412 508 ponderis,
434 446 516 508 prout
530 453 574 490 rea
587 432 660 489 baud
671 432 816 506 opulentae
831 445 916 496 erant,
938 434 1009 490 cole·

77 517 221 588 hanturque
243 513 392 587 religiones
412 513 458 587 pie
485 513 579 587 magis,
607 510 689 585 quium
716 511 867 585 magnifiee.
907 509 1010 570 Iisdem
1104 577 1105 588 γ

77 594 226 650 auctoribus
247 591 390 667 cognitum
408 604 458 658 est,
474 592 590 666 Aequos
605 590 773 664 Volscosque
792 589 900 646 summit
915 591 940 648 vi
955 592 1010 648 bel-

75 673 123 728 lum
133 691 275 748 apparare.
310 669 408 744 Itaque
418 670 511 744 partiri
523 669 828 746 provincias¹consules
833 667 913 744 jussi.
948 669 1009 728 Ho-

73 752 135 807 ratio
154 750 261 816 Sabini,
283 749 395 806 Valerio
416 750 509 823 Aequi
528 750 676 823 Volscique
695 767 819 804 evenere.
860 748 954 811 Quum
974 747 1011 808 ad

74 849 101 886 ea
112 830 183 887 bella
197 830 337 886 delectum
352 828 509 894 edixissent,
520 829 613 886 farore
623 828 709 904 plebis
718 847 771 884 rton
781 825 905 902 juniores
917 831 1009 898 mode,

73 909 116 966 sed
135 909 261 966 emeritis
282 909 363 966 etiam
383 907 526 984 stipendiis
538 913 559 976 ²,
586 927 648 983 pars
669 926 767 981 magna
786 907 1009 976 voluntariorum,

71 989 103 1044 ad
115 989 230 1044 nomina
243 987 334 1044 danda
346 1000 455 1062 praesto
468 987 553 1044 fuere.
595 987 692 1062 quue
706 1005 760 1044 non
771 985 850 1060 copiai
860 987 950 1053 mode,
960 989 1010 1046 sed

74 1087 166 1140 genere
188 1067 274 1123 etiam
295 1066 422 1132 militum,
444 1066 579 1124 veteranis
598 1066 731 1131 admistis,
752 1065 855 1122 firmior
873 1067 1009 1124 exercitus

7 1181 8 1192 .
72 1146 125 1202 fuit.
168 1145 252 1206 Prius
272 1143 355 1219 quiam
375 1146 471 1202 urbem
492 1146 696 1221 egrederentur,
717 1145 791 1220 leges
805 1145 1009 1212 decemvirales,

7 1235 9 1296 l
74 1225 170 1299 quibus
195 1233 203 1257 ⁴
219 1225 319 1280 tabulis
333 1223 488 1282 duodecim’
509 1238 551 1282 est
565 1244 673 1290 nomen,
688 1224 714 1280 in
730 1244 775 1280 aes
789 1223 887 1280 incisas
900 1223 928 1278 in
942 1226 1011 1299 pub·

7 1315 8 1370 l
71 1304 117 1360 lico
143 1315 359 1380 proposuerunt.
401 1302 481 1370 Sunt,
508 1303 565 1378 qui¹
585 1311 591 1336 ‘
601 1303 682 1379 jussu
709 1303 879 1360 tribunorum
907 1304 1009 1365 aediles

74 1384 205 1440 ‘functos
217 1401 251 1438 eo
265 1381 425 1438 ministerio’
438 1383 566 1454 scribant.

7 1469 9 1488 ¹
105 1460 218 1520 LVIII.
240 1461 274 1518 C.
289 1461 431 1526 Claudius,
450 1462 522 1536 (qui,
537 1482 650 1538 perosus
664 1462 882 1520 decemvirorum
896 1463 1008 1530 scelera,

7 1607 9 1628 ,
72 1553 96 1596 et
115 1555 182 1598 ante
204 1559 300 1596 omnes
314 1541 403 1596 fratris
417 1541 465 1596 filii
479 1541 623 1616 superbiae
637 1542 759 1608 infestus,
775 1541 924 1616 Regillum,
939 1543 1009 1600 anti·

70 1639 148 1692 quam
170 1621 201 1676 in
221 1620 346 1695 patriam,
367 1637 397 1676 se
418 1620 596 1696 contulerat)
617 1621 640 1678 is
654 1640 753 1696 magno
761 1621 819 1696 jam
835 1634 909 1688 natu,
923 1641 1007 1696 quum

72 1700 100 1754 ad
113 1699 240 1774 pericula
254 1699 313 1775 ejus
327 1699 498 1772 deprecanda
511 1701 634 1765 redisset,
649 1701 728 1776 cujus
740 1701 805 1764 vitia
817 1701 932 1775 fugerat,
951 1721 1008 1762 sors

72 1779 178 1836 didatus
197 1795 260 1834 cum
282 1777 431 1852 gentilibus
449 1777 649 1854 clientibusque
669 1781 696 1836 in
710 1780 770 1838 foro
790 1779 936 1855 prensabat
953 1781 1008 1838 sin·

69 1858 163 1930 gulos;
186 1859 344 1930 orabatque,
366 1865 373 1890 ⁴
389 1857 433 1914 Ne
448 1857 580 1916 Claudiae
600 1859 676 1932 genti
695 1879 756 1916 eam
776 1860 895 1916 inustam
915 1879 1008 1916 macu-
1104 1907 1105 1910 ,

72 1937 143 1994 ‘lam
161 1937 271 2002 vellent,
287 1948 319 1992 ut
332 1955 440 1994 carcere
454 1951 483 1994 et
496 1936 611 1994 vinculis
624 1937 782 1994 viderentur
796 1939 889 2012 ‹ligni3
910 1938 1006 2004 virum,

71 2015 315 2075 ‘honoratissimae
329 2015 455 2090 imaginis
468 2017 591 2072 futurum
606 2017 640 2074 ad
649 2028 780 2092 posteros,
793 2016 1007 2090 legumlatorem

7 2153 8 2158 ,
71 2097 317 2169 ‘conditoremque
339 2095 457 2152 Romani
479 2094 559 2170 juris,
583 2094 673 2170 jacere
698 2095 819 2152 vinctum
843 2095 914 2150 inter
935 2095 1008 2156 fures

71 2180 77 2205 ‘
89 2187 240 2232 nocturnos
248 2193 280 2230 ac
290 2174 417 2240 latrones.
459 2176 625 2232 Averterent
638 2175 671 2230 ab
686 2174 725 2230 iria
738 2193 883 2249 parumper
895 2174 1008 2249 ad-oogn

71 2260 77 2286 ‘
89 2255 223 2313 nitiouem
238 2253 486 2328 cogitationemque
497 2253 618 2313 animos:
639 2253 766 2329 etpotiirs
776 2273 861 2312 unum
871 2265 912 2310 tot
924 2253 1008 2314 Clau·

71 2339 76 2365 ‘
89 2334 140 2389 diis
154 2332 368 2409 deprecantibus
381 2333 575 2399 condonarent,
596 2333 678 2407 quam
693 2346 804 2408 propter
817 2333 899 2390 unius
912 2334 1007 2392 odium

71 2413 241 2470 ‘multorum
262 2431 356 2487 preces
376 2424 593 2488 aspernarentur.
635 2412 671 2470 Se
687 2432 797 2487 quoque
817 2413 845 2470 id
865 2414 958 2488 generi
976 2433 1008 2471 ac

72 2492 195 2551 ‘nomini
209 2493 283 2558 dare,
297 2510 349 2547 nec
363 2510 425 2548 cum
440 2511 474 2548 eo
486 2491 514 2548 in
527 2491 642 2564 gratiam
657 2494 769 2560 redisse,
784 2491 863 2569 cujus
877 2493 1006 2552 adversae

64 2577 77 2622 .‘
90 2571 216 2628 fortunae
230 2570 296 2628 velit
309 2589 486 2628 succursum.
527 2571 636 2628 Virtute
650 2571 804 2628 libertatem
819 2585 1006 2647 recuperatam

70 2656 76 2683 ‘
89 2671 167 2708 essa:
183 2649 330 2708 clementiis
340 2649 512 2708 concordiam
523 2650 649 2708 ordinum
658 2651 771 2708 stabiliri
780 2649 877 2726 posse!
912 2651 1006 2720 Erant,

70 2750 135 2803 quos
149 2743 276 2786 moveret
290 2729 339 2784 suit
353 2729 439 2804 magis
453 2731 555 2804 pietate
566 2728 585 2796 ³,
601 2731 683 2803 quam
698 2729 758 2804 ejus
772 2750 821 2805 pro
835 2719 1005 2805 quoagebpt,

71 2811 157 2867 causa.
201 2807 258 2866 Sed
274 2807 422 2882 Virginius,
445 2808 509 2864 ‘sui
528 2809 619 2883 potiris
635 2821 667 2864 ut
681 2809 889 2876 misererentur,’
903 2812 1006 2878 orabatt

71 2889 234 2962 ‘filiaequet
256 2906 307 2944 nec
326 2888 416 2961 gentis
432 2887 571 2952 Claudiae,
593 2907 706 2963 regnum
722 2889 748 2944 in
763 2887 870 2964 plebem
886 2892 1005 2958 sortitaet

71 2969 136 3026 ‘sed
151 2965 369 3024 necessariorum
386 2966 524 3041 Virginiae
538 2967 620 3024 trium
635 2967 805 3024 tribunorum
821 2985 916 3043 preces
929 2959 1006 3026 audi·

70 3054 76 3079 ‘
89 3059 167 3104 rent:
188 3047 246 3120 qui,
261 3047 296 3102 ad
310 3045 440 3102 auxilium
457 3046 541 3122 plebis
556 3046 648 3112 creati,
663 3047 713 3121 ipsi
729 3047 815 3122 plehis
828 3048 909 3104 fidem
925 3063 1006 3124 atque

71 3126 224 3184 ‘auxilium
246 3123 441 3200 implorarent?
480 3125 618 3184 ¹Juetiores
633 3125 683 3194 hae
697 3127 823 3184 lacrimae
837 3127 1006 3188 videbantur·

99 3275 105 3302 ¹
126 3275 173 3321 See
185 3289 209 3334 p.
227 3271 283 3329 115,
296 3279 352 3318 note
363 3273 388 3320 3.
489 3271 498 3298 ⁹
517 3271 568 3318 Ten
586 3272 724 3336 campaigns
740 3263 798 3320 as'a
808 3267 940 3330 herseman,
959 3267 1006 3319 and
1044 3281 1047 3286 '

64 3351 155 3403 ,twenty
169 3356 195 3386 as
207 3354 221 3384 a
233 3339 392 3394 root-soldier,
410 3338 537 3398 exempted
555 3341 594 3388 the
610 3342 716 3390 Romans
728 3341 790 3394 from
801 3341 894 3388 further
907 3341 1003 3392 service.

65 3407 147 3456 'lhose
160 3409 215 3453 who
232 3405 278 3453 had
296 3422 322 3453 so
339 3405 473 3466 completed
491 3407 551 3456 their
568 3405 625 3453 time
638 3423 698 3454 were
711 3407 786 3454 called
798 3409 895 3458 emeriti,
908 3405 954 3450 and
967 3407 1006 3454 the

67 3475 207 3537 campaigns
224 3471 365 3522 themselves
382 3471 495 3535 stipendia
512 3477 616 3526 emerita.
694 3467 703 3502 ³
721 3480 807 3528 Pictos,
824 3471 918 3518 natural
935 3469 1006 3522 effer„-

68 3545 126 3606 ti0n‚
139 3544 217 3590 either
228 3541 331 3596 towards
343 3541 382 3590 the
394 3539 461 3610 gods,
475 3555 501 3586 or
513 3538 576 3599 here,
589 3539 690 3590 towards
701 3543 768 3590 one’s
780 3537 883 3604 family.
997 3594 1004 3607 .
