2224 3862
443 205 624 298 arnantv.
957 213 1014 270 aaa

5 348 9 367 ¹
78 371 163 434 ‘rum
177 383 234 440 quo
248 365 501 432 abtlucareinleoti
512 386 542 424 ro
552 387 572 424 a
585 365 663 442 Vejis
682 367 833 426 exercitum
850 369 1010 442 noluerunt,

5 486 9 509 ς
74 451 144 500 'non
158 446 225 502 utile
239 445 339 510 solnm,
353 445 402 502 sod
416 447 499 502 etiam
513 448 695 504 necessarium
709 447 799 514 luerit,
814 461 910 524 postea
924 453 1009 512 disse·

5 514 9 548 ³
72 531 162 580 ‘rsmt
183 544 261 582 nunc
288 525 324 580 de
347 524 407 600 ipsi
433 525 592 585 conditione
618 526 709 583 dicere
725 527 909 586 ‚militantium
933 531 1008 590 libet.

5 616 6 627 ¹
72 603 179 666 ‘Quam
193 603 358 670 orationem,
371 623 426 660 non
440 606 515 680 apud
528 625 578 661 vos
589 606 688 673 saltim,
699 607 748 662 sed
762 607 844 664 etiam
859 608 887 664 in
902 613 1007 680 cestris,

72 683 111 738 ‘si
126 683 270 752 habeatnr,
290 682 352 758 ipso
371 685 496 742 exercitu
510 683 690 760 disceptante,
709 704 824 758 aequam
838 688 954 746 urbitror
965 692 1007 748 ri·
1082 716 1084 724 ,

4 783 5 786 ¹
71 768 77 794 ‘
89 761 146 818 deri
156 781 249 838 posse.
290 761 323 817 ln
333 762 387 836 quia
397 764 419 819 si
431 762 560 839 mihiipsi
570 763 646 830 nihil,
658 765 734 839 quod
745 765 873 834 dicerem,
888 768 915 824 in
930 789 1007 827 men·

70 851 143 897 ‘tem
155 843 255 898 ¹venire
263 855 369 916 posset,
387 843 603 900 adversariorum
618 847 692 900 certe
706 844 874 902 orationibus
893 861 1007 906 conten·-

2 933 4 989 j
69 925 130 976 ‘tus
151 941 254 978 essem.
298 921 441 995 Negabant
463 941 559 998 nuper,
583 923 673 980 (laudo
696 942 756 980 esse
777 943 842 981 aera
864 925 1006 996 militibus,

1 1028 5 1054 ,ι
69 999 160 1074 “quia
173 1019 317 1075 nunquam
331 1001 513 1058 dataessent!
554 1001 681 1065 Quonam
692 1003 776 1060 morlo
788 1003 872 1078 igitar
882 1023 956 1063 nunc
965 1007 1006 1064 in·

1 1099 2 1102 ¹
69 1079 194 1154 ‘dignari
209 1092 335 1154 possunt,
348 1081 447 1154 quibus
460 1081 562 1155 aliquid
576 1083 640 1138 novi
656 1081 794 1158 adjectum
809 1086 948 1140 commodi
961 1087 1006 1154 sit,

1 1170 2 1234 ξ
68 1159 125 1214 ‘eis
138 1158 265 1216 laborem
278 1159 362 1216 etiam
381 1179 482 1216 norum
498 1180 553 1236 pro
573 1161 699 1236 portione
719 1161 850 1238 injungi?
871 1181 1005 1238 nusquam

1 1239 2 1264 ³
68 1243 137 1294 ‘nec
151 1257 238 1314 opera
253 1239 313 1294 sine
331 1239 526 1306 emolumento,
547 1259 598 1296 nec
618 1241 833 1298 emolumentum
848 1242 934 1298 ferme
947 1244 1006 1301 sine

1 1332 2 1337 ¹
68 1317 213 1392 ‘impensa
223 1318 307 1392 operi
318 1331 368 1374 est.
409 1318 501 1374 Labor
510 1319 696 1394 voluptasque
707 1319 890 1378 dissimillima
899 1323 1005 1388 naturis,

68 1397 222 1454 ‘societate
241 1397 387 1470 quisdam'
380 1410 451 1454 mter
469 1418 499 1454 se
520 1399 636 1470 naturali
656 1412 720 1454 sunt
737 1397 843 1474 juncta.
884 1401 1006 1459 Moleste

67 1481 72 1508 ‘
85 1490 167 1532 autea
179 1477 287 1532 terebat
300 1476 386 1541 miles,
401 1496 431 1533 sa
443 1497 495 1534 suo
508 1491 620 1554 sumptu
630 1495 743 1553 operam
753 1479 918 1555 reipublicae
927 1501 1006 1556 prae

66 1555 167 1612 ‘beret
188 1556 329 1630 guadebat
348 1556 431 1622 idem,
451 1571 555 1632 partem
570 1557 635 1614 anni
648 1577 678 1614 se
691 1577 786 1633 agrum
801 1578 882 1616 suom
897 1561 1006 1628 colere,

66 1639 228 1709 ‘quaerere
249 1635 323 1691 undo
340 1635 416 1690 domi
435 1636 603 1711 militiaeque
620 1657 652 1694 se
673 1656 705 1694 ac
727 1657 793 1694 suos
814 1640 886 1695 tueri
904 1653 1006 1715 ροιιοιι

66 1720 72 1745 ‘
86 1714 203 1772 Gaudet
216 1733 299 1779 nunc,
320 1713 421 1770 fructui
439 1716 492 1770 sibi
505 1715 709 1808 rempublicam
722 1737 794 1782 esse,
814 1731 842 1774 et
855 1719 944 1776 laetus
957 1721 1005 1778 sti

66 1795 218 1868 ‘pendium
230 1793 338 1868 accipit.
372 1793 497 1885 Aequo
490 1795 574 1886 igitur
583 1795 675 1852 animo
684 1797 811 1871 patietur,
826 1817 856 1853 se
869 1800 903 1854 eb
914 1800 1006 1866 domo,

57 1878 72 1936 ᾖ
84 1875 118 1930 ab
131 1893 163 1930 re
177 1872 313 1939 familiari,
335 1872 380 1929 cui
392 1874 484 1948 gravis
504 1875 628 1949 impensa
647 1893 702 1930 non
721 1888 773 1940 est,
793 1876 885 1950 paullo
902 1878 1006 1935 diutius

65 1954 192 2009 ‘abesse
237 1955 293 2017 An,
307 1971 331 2007 st
324 1951 380 2008 'ad
394 1952 529 2009 οιΙοιιΙοιι1
545 1973 609 2010 eum
618 1953 772 2028 respublica
783 1967 870 2021 vocet,
884 1967 940 2011 non
949 1977 1006 2014 me

65 2027 138 2087 ‘nto
152 2033 277 2095 ‹licntl⁴
293 2031 472 2088 Annuaaera
491 2030 584 2098 babes,
600 2051 716 2088 annnam
732 2051 842 2108 operam
857 2034 918 2090 ede
958 2037 1007 2093 An

65 2116 80 2144 ‘⁴
94 2123 125 2168 ιιι
139 2131 262 2186 aequum
276 2130 380 2176 canses,
395 2111 493 2166 militiis
504 2111 630 2168 semestri
641 2111 761 2167 solidum
775 2124 803 2166 te
816 2111 1007 2188 stipendium⁸

65 2196 80 2224 “
92 2191 252 2283 accipere?
293 2187 417 2246 Inritns'
410 2210 440 2246 ιιι
449 2189 585 2266 hicparte
594 2190 733 2256 orationis,
748 2190 888 2259 Quirites,
895 2211 1006 2252 moror:

65 2271 126 2329 ‘sic
139 2271 216 2328 enim
231 2289 312 2346 egere
325 2270 436 2333 debent,
450 2271 498 2345 qui
512 2269 680 2326 mercenario
698 2269 784 2326 milite
800 2284 924 2328 utuntur.
965 2275 1007 2332 Αι

65 2355 135 2407 ‘nos
150 2364 283 2425 tanquam
297 2367 361 2406 cum
375 2349 479 2404 civibus
498 2369 580 2424 agere
594 2348 740 2405 volumus:
759 2351 859 2424 egique
876 2365 1006 2427 tunquam

64 2434 149 2486 ‘cum
164 2431 256 2506 patriis
267 2428 409 2486 nobiscum
428 2447 546 2503 aequum
562 2447 715 2486 censemus.
758 2433 816 2486 Αιιι
830 2449 885 2486 non
904 2433 1007 2508 macipi

65 2510 190 2566 ‘bellurn
205 2510 346 2585 opertuit;
366 2521 414 2564 aut
427 2509 485 2582 geri
502 2527 553 2584 pro
572 2509 704 2583 dignitate
719 2510 814 2583 populi
830 2509 959 2577 Romani,
978 2526 1007 2570 et

65 2589 183 2664 ‘perlici
197 2587 278 2664 quim
293 2587 411 2664 primdm
426 2600 544 2663 oportet.
585 2588 746 2646 Perficietur
762 2600 864 2656 numm,
882 2590 906 2645 si
925 2611 1006 2666 urge·

64 2667 308 2724 ‘musobsessosz
329 2667 353 2722 si
372 2686 427 2722 uon
444 2670 508 2724 ante
528 2668 708 2733 abscedimus,
729 2665 811 2740 quim
826 2668 885 2743 spei
896 2684 1007 2729 nostrae

64 2749 170 2804 ‘finem
186 2747 274 2822 captis
289 2745 365 2824 Vejis
384 2745 604 2820 imposuerimus.
648 2745 686 2810 Si,
710 2746 841 2813 Hercule,
864 2749 939 2806 nulla
955 2751 1007 2808 alia

64 2833 71 2858 ‘
84 2845 180 2894 causa,
193 2828 253 2902 ipsa
267 2827 413 2901 indignitas
421 2825 649 2900 perseverentiam
660 2824 802 2899 imponere
811 2826 916 2884 debuit.
946 2829 1006 2888 De·

64 2913 70 2938 ‘
85 2925 146 2963 cem
161 2907 302 2980 quondam
316 2923 402 2962 annos
414 2905 479 2960 urbs
493 2917 651 2980 oppugnata
663 2916 706 2960 est
719 2905 754 2958 ob
765 2923 846 2960 unam
863 2907 1005 2966 mulierem

63 2987 117 3041 ‘ab
132 2986 263 3042 universis
276 2985 411 3042 Graeciit:
433 2983 515 3059 quiam
532 2983 626 3059 procul
646 2984 680 3038 ab
697 2983 802 3040 domo?
824 2999 892 3059 quot
912 3000 1007 3059 terras,

65 3072 72 3098 ⁸
86 3077 155 3139 quot
170 3067 256 3121 maria
269 3065 394 3122 distans?
418 3063 477 3120 Nos
491 3063 562 3120 intra
575 3063 734 3118 vicesimum
750 3062 879 3138 lapidem,
899 3066 926 3122 in
941 3087 1006 3124 οοιι-

64 3154 70 3178 ‘
86 3158 186 3220 spectu
200 3161 286 3220 prope
296 3143 371 3200 urbis
382 3155 498 3212 nostrae,
513 3159 630 3198 annuum
642 3143 875 3218 oppugnationem
887 3147 1006 3220 perferre

98 3292 104 3320 ¹
123 3295 248 3349 Calculus,
266 3307 280 3338 a
296 3290 382 3352 pcbble
399 3289 458 3338 used
482 3291 507 3338 in
523 3288 695 3350 computation.
746 3294 831 3339 Vocare
848 3295 879 3339 od
896 3295 1005 3352 calculos,

64 3369 87 3406 ιο
104 3359 152 3406 call
170 3369 196 3406 ιο
214 3362 253 3406 the
270 3375 313 3405 use
325 3359 354 3404 of
368 3359 433 3406 these
451 3357 554 3419 pebbles,
573 3367 599 3402 ιο
615 3356 659 3402 cell
678 3367 704 3402 to
715 3368 824 3404 account.
864 3358 949 3404 Hence
961 3377 1007 3409 our

66 3427 179 3488 English,
198 3437 222 3474 to
240 3426 365 3474 calculata.
440 3422 571 3475 'Solidom
588 3427 738 3485 almendram
757 3441 802 3485 pay
818 3423 855 3469 lor
872 3425 912 3470 tlte
927 3428 1006 3475 whole

63 3510 126 3555 year.
166 3499 258 3544 Solidur
274 3512 353 3542 onnus
370 3493 390 3540 is
407 3493 501 3541 defined
519 3495 550 3556 by
563 3491 624 3553 Livy
636 3491 739 3550 himself
761 3493 780 3540 l.
798 3490 834 3546 19,
850 3505 876 3550 qs
893 3491 1005 3556 tbat,qui

64 3561 185 3612 solstitiali
196 3562 369 3625 circumagitur
380 3564 445 3609 orbe.
