2224 3862
100 215 159 274 282
495 212 529 272 Τ.
549 212 651 272 Ltvu

12 417 16 426 .
104 371 520 440 vitnssacramentodiceret13
539 373 654 448 reponte
671 371 826 441 nunciatur,
844 377 959 430 ‘arcem
982 371 1051 431 Car·

107 461 275 510 ‘vacunam
293 451 329 509 ab
344 450 471 510 hostibus
489 465 653 528 occupatum
667 451 746 510 ιιιιιι.Ι
788 452 830 510 Ea
843 451 999 528 ignominia
1011 473 1056 510 ac-

107 545 196 606 cepta,
217 551 303 606 quum
321 532 395 606 apud
414 531 510 588 Patres
530 531 649 588 invidiae
670 531 785 604 Maenio
802 531 863 596 fuit,
880 545 940 588 tum
955 532 1058 589 ceteris

107 611 233 676 tribunis,
249 611 307 686 jam
328 613 392 668 aute
411 610 579 686 praeparatis
599 610 823 668 intercessoribus
839 611 908 686 legis
922 610 1057 686 agrariae,

107 690 235 766 praebuit
241 690 387 766 justiorem
401 709 510 747 causam
525 687 670 746 resistendi
683 691 813 765 collegae.
853 689 954 764 Itaque
968 709 1058 764 quum

107 788 152 826 res
171 771 219 826 diu
240 770 324 826 ducta
343 789 392 845 per
406 768 611 826 altercationem
626 782 717 836 esset;
737 769 895 826 consulibus
909 769 992 826 Deos
1006 767 1056 824 bo·

107 849 250 924 crinesque
259 848 430 913 testantibus,
442 847 589 922 ‘quiequid
598 848 632 904 ab
643 846 767 905 hostibus
775 847 862 905 cladis
872 849 1056 924 ignominiae·

108 934 117 962 ‘
131 948 186 1003 que
205 940 255 985 aut
269 927 328 1003 jam
348 941 493 1002 acceptum
507 938 589 993 esset,
603 939 652 984 aut
664 927 829 994 immineret,
842 928 953 1004 culpam
969 946 1057 1002 penes

108 1005 276 1064 ‘Maenium
285 1007 351 1070 lore,
366 1007 413 1081 qui
424 1006 561 1063 delectum
575 1005 722 1081 impediret
730 1005 748 1074 ;'
768 1006 884 1064 Maenio
893 1006 995 1064 contria
1007 1025 1055 1064 vo-

107 1087 248 1155 ciferante,
263 1095 271 1122 ‘
285 1087 309 1142 ai
322 1086 417 1164 injusti
430 1085 535 1142 domiui
548 1085 722 1160 possessione
729 1086 786 1161 agri
795 1085 899 1162 publici
910 1086 1054 1153 cederent,

108 1172 116 1200 ‘
130 1185 160 1224 se
173 1185 278 1224 moram
292 1165 412 1223 delectui
425 1184 480 1222 non
493 1165 584 1222 facere
594 1163 609 1232 ;’
631 1165 743 1224 decreto
760 1166 931 1242 interposito,
952 1183 1054 1222 norem

107 1245 211 1302 tribuni
225 1246 396 1302 sustulemut
408 1255 564 1310 certamem
584 1245 887 1320 pmnunciaveruntque
896 1263 932 1301 ex
943 1244 1053 1319 collegii
1104 1251 1105 1316 l

107 1325 253 1394 renitentia,
275 1333 283 1360 ⁴
298 1325 331 1382 C.
347 1323 458 1382 Valerio
475 1323 580 1380 consuli
594 1343 633 1390 se,
654 1323 784 1380 damnum
798 1323 935 1398 aliamque
948 1324 1052 1380 merci*
1104 1331 1105 1396 l

108 1411 116 1440 ⁶
130 1403 243 1470 tionem,
257 1405 388 1463 adversus
402 1403 625 1460 intercessionem
640 1403 769 1478 collegae,
778 1403 902 1460 delectirs
911 1402 1051 1460 causdde·
1104 1401 1105 1404 ’

107 1483 311 1540 ‘nectantibus
321 1482 446 1540 militiam
457 1481 592 1538 inbibeuti
602 1485 623 1549 ²,
638 1483 739 1538 auxilio
747 1483 854 1538 futuros
864 1481 945 1539 esse.¹
987 1481 1052 1538 Hoc

106 1563 219 1620 decreto
232 1562 327 1620 consul
340 1575 460 1618 armatur
474 1581 559 1636 quum
574 1561 676 1637 paucis,
687 1561 886 1637 appellentibus
899 1562 1051 1627 tribunum,

6 1679 8 1684 ·
105 1643 208 1699 collum
229 1641 382 1708 torsisset⁸,
405 1653 482 1696 metu
498 1643 586 1696 =ceteri
606 1653 777 1697 sacramento
792 1641 897 1697 dixere.
939 1641 1052 1698 Ductus

106 1721 244 1780 exercitus
257 1722 292 1778 ad
307 1721 506 1778 Carventanam
514 1739 622 1791 arcem,
637 1738 793 1794 quanquam
807 1719 911 1776 invisus
922 1719 1048 1777 infestus·

105 1819 161 1875 que
181 1801 289 1858 consuli
306 1811 373 1865 erat,
394 1799 511 1874 impigre
524 1799 614 1874 primo
626 1800 719 1856 statim
729 1801 857 1866 adventu,
872 1799 991 1876 dejectis
1004 1799 1048 1874 qui

103 1881 132 1937 iu
147 1880 284 1956 praesidio
296 1891 382 1945 emat,
396 1897 487 1936 arcem
501 1879 614 1953 recepit.
655 1879 843 1944 Praedatores,
863 1899 900 1934 ex
913 1879 1051 1954 praesidio

103 1980 155 2038 per
167 1959 360 2035 negligentiam
370 1957 476 2034 dilapsi,
486 1959 658 2014 occasionem
669 1977 800 2032 aperuere
809 1958 844 2014 od
854 1958 1046 2015 invadendum.

104 2039 229 2098 Praedae
242 2059 278 2096 ex
291 2038 407 2095 assiduis
419 2037 651 2113 populationibus,
666 2033 740 2111 quod
754 2037 847 2094 omnia
858 2037 887 2093 in
902 2037 995 2094 locum
1005 2050 1046 2094 tu·

103 2131 165 2176 tum
176 2130 400 2193 congemuerunt,
409 2117 462 2174 fuit
471 2117 650 2191 aliquantum.
675 2117 824 2173 Venditum
835 2115 1047 2172 subhaeremu-

104 2199 147 2254 sul
161 2198 189 2253 in
203 2197 338 2254 aerarium
352 2196 477 2270 redigere
493 2207 651 2271 quaestores
659 2194 761 2271 jussit3
782 2205 790 2230 ‘
804 2193 872 2251 tum’
886 2195 1045 2270 praedicans

106 2277 290 2352 ‘participem
304 2276 421 2350 praedae
434 2276 492 2331 fore
506 2275 666 2338 exercitum,
687 2293 772 2349 quum
787 2273 913 2336 militiam
928 2294 987 2330 nort
1000 2275 1042 2331 ab·

105 2353 250 2410 ‘uuisset’
293 2357 401 2410 Auctae
421 2353 486 2410 inde
504 2354 592 2429 plebis
605 2371 637 2410 ac
651 2354 768 2410 militum
783 2352 810 2409 iu
825 2353 968 2410 consulem
983 2353 1041 2410 irae.

103 2433 212 2508 Itaque,
233 2451 317 2507 quum
339 2451 374 2487 ex
387 2432 499 2488 senatuis
512 2433 637 2488 consultu
650 2432 746 2489 urbem
761 2451 845 2489 orons
859 2433 995 2501 introiret,
1007 2433 1040 2490 al·

104 2514 189 2570 ternis
202 2511 336 2568 inconditi
350 2530 444 2566 versus
458 2511 567 2567 militari
578 2511 689 2568 lieentia
703 2511 815 2586 jactati:
836 2513 938 2587 quibus
951 2511 1039 2568 consul

103 2591 263 2667 increpitus,
278 2589 385 2648 Maeuii
399 2590 506 2647 celebre
520 2609 619 2646 nomen
634 2591 759 2648 laudibus
772 2591 834 2655 fuit,
844 2611 932 2666 quum
943 2593 978 2647 ad
987 2611 1039 2648 oro·

103 2689 167 2728 uem
182 2671 351 2728 mentionem
365 2670 467 2726 tribuni
478 2670 555 2726 favor
568 2669 769 2727 circumstantis
783 2669 878 2745 populi
892 2671 1039 2746 plausuque

103 2762 133 2806 et
152 2769 265 2807 assensu
285 2769 347 2808 curn
363 2749 476 2807 vocibus
497 2749 613 2804 militurn
634 2761 760 2806 certaret.
802 2749 925 2823 Plusque
946 2769 980 2806 ea
991 2769 1036 2814 res,

103 2829 185 2904 quam
200 2849 285 2906 prope
299 2829 419 2886 solennis
433 2828 550 2884 militum
565 2827 675 2884 lascivia
688 2829 715 2884 in
730 2829 880 2894 consulem,
894 2849 978 2886 curae
992 2829 1044 2886 Pa·v

102 2910 190 2965 tribus
204 2909 306 2986 injecit.
347 2907 386 2964 Et
400 2921 528 2982 tanquam
542 2905 616 2963 haud
630 2907 731 2964 dubius
745 2908 816 2963 inter
828 2908 955 2964 tribunos
975 2909 1037 2964 mili·

102 3001 162 3044 tum
177 2987 264 3045 bonos
279 2987 394 3054 Maeuii,
413 2987 437 3044 si
450 2998 565 3064 peteret,
580 2986 769 3044 consularibus
783 2985 926 3043 comitiis⁴
940 2999 984 3044 ert
995 3005 1037 3044 ex·

100 3068 202 3124 clusus.

242 3145 321 3202 LIV.
343 3145 435 3203 Creati
450 3143 577 3201 consules
588 3155 652 3202 sunt
661 3144 713 3202 Cn.
724 3143 870 3202 Cornelius
882 3145 996 3210 Cossus,
1007 3142 1036 3199 L.

102 3216 128 3251 ¹³·
141 3215 163 3252 ⁰·
204 3223 304 3282 Furius
325 3221 496 3280 Medullinus
516 3223 626 3280 iterum,
667 3222 731 3279 Non
750 3223 817 3281 alias
837 3224 946 3300 aegrius
966 3225 1036 3300 plebs

101 3269 160 3344 346,
203 3304 275 3364 tulit,
290 3303 435 3359 tribunicia
448 3302 498 3358 sibi
512 3301 624 3358 comitia
637 3321 691 3358 non
706 3304 861 3360 commissa.
903 3301 982 3360 Eum
992 3301 1035 3356 do·

133 3415 238 3477 ¹Seep.
254 3414 294 3472 97,
308 3423 364 3460 note
376 3413 399 3460 2.
470 3413 543 3461 ‘See
554 3431 577 3476 p.
595 3413 650 3470 188,
663 3423 719 3461 note
728 3413 754 3463 *ab
791 3415 907 3464 ’Gallum
923 3425 1034 3478 torquere,

97 3490 124 3528 to
133 3482 194 3530 seiae
202 3485 233 3545 by
242 3485 282 3530 the
290 3479 419 3536 neela-to
428 3479 509 3528 collar.
578 3482 587 3510 ⁴
600 3485 706 3531 Comitiis
713 3486 874 3532 consularibus
882 3493 915 3531 ert
924 3485 1042 3534 occlusus:

97 3548 333 3668 hiniffffmemed
345 3548 408 3596 from
420 3547 545 3612 obtaining
556 3549 607 3596 thet
618 3551 720 3608 bouour,
733 3553 765 3612 by
776 3551 873 3598 comitia
885 3551 924 3599 for
935 3549 1034 3609 electiug
