2232 3862
113 223 151 280 68
520 219 554 277 Τ.
574 217 675 278 LlVlI

112 381 169 446 des,
184 389 212 436 et
224 377 332 434 inrecta
345 375 451 454 corpori
464 377 548 454 patris
561 377 679 435 nefando
689 374 813 434 vehiculo
824 375 880 436 filia
891 376 898 415 ¹
911 401 918 446 ;
937 379 1053 438 inrooa-
1080 380 1083 388 '

114 459 191 533 tique
200 457 302 513 ultores
312 459 454 532 parentum
466 455 526 512 Dii.
559 455 615 513 His
623 456 864 530 atrocioribusque,
873 459 964 527 credo,
976 459 1051 526 aliis,

114 556 184 612 quae
203 555 331 612 praesens
344 555 434 593 rerum
449 535 596 610 indignitas
610 534 818 610 haudquaquam
831 535 919 593 relatu
932 539 1052 614 scripto·

113 616 190 674 nibus
208 615 297 672 incilia
319 614 429 690 subjicit
438 614 459 682 ²,
486 615 651 682 memoratis,
678 615 815 671 incensam
842 615 1052 674 multitudinem

113 694 240 771 perpulit,
255 707 286 750 ut
300 693 444 769 imperium
458 693 517 768 regi
529 695 680 768 abrogaret,
694 692 856 767 exsulesque
869 713 929 751 esse
938 694 1053 771 juberet

114 773 149 831 L.
163 772 341 848 Tarquinium
356 791 419 829 curn
433 771 549 849 conjuge
563 771 704 829 aoliberis.
744 771 817 846 Ipse,
822 771 986 848 junioribus,
1002 773 1053 848 qui

114 853 186 910 ultro
199 852 310 909 nomina
322 852 432 918 dabant,
446 851 523 908 lectis
536 850 709 926 armatisque,
729 852 764 908 ad
778 851 971 909 concitandum
984 854 1052 910 inde

112 934 242 990 adversus
261 949 355 1006 regern
371 930 531 997 exercitum,
547 930 670 987 Ardeam
690 929 719 985 in
738 941 826 987 castra
839 943 881 988 est
894 932 1052 1008 proiectus,

113 1011 260 1087 imperium
279 1011 307 1066 in
328 1010 394 1066 urbe
407 1009 548 1077 Lucretio,
562 1009 699 1085 praelecto
708 1009 783 1065 urbis
790 1008 848 1084 jam
862 1012 925 1066 autb
939 1011 972 1068 ab
984 1029 1052 1086 rege

112 1091 247 1158 instituto,
261 1089 397 1164 relinquit.
437 1089 514 1146 Inter
532 1087 606 1146 huno
625 1087 775 1145 tumultum
788 1087 880 1145 Tullia
893 1089 975 1146 domo
987 1109 1052 1166 pro-

113 1171 192 1246 fugit,
212 1169 424 1235 exsecrantibus,
445 1170 607 1243 quicunqne
634 1166 785 1236 incedebat,
809 1167 1054 1244 invocantibusque

113 1260 256 1326 parentum
270 1247 354 1304 furias
366 1247 431 1303 viris
443 1247 665 1321 mulieribusque.

155 1328 217 1385 LX.
239 1327 347 1384 Harum
361 1345 453 1384 rerum
467 1326 574 1382 nunciis
587 1325 615 1381 in
630 1336 718 1382 castra
731 1323 851 1402 perlatis,
860 1345 945 1400 quum
958 1346 987 1384 re
1001 1347 1052 1385 no·

115 1407 150 1463 via
169 1407 293 1483 trepidus
313 1425 362 1462 rex
381 1417 507 1481 pergeret
528 1405 647 1462 Romam
667 1405 702 1461 ad
716 1405 936 1481 comprimendos
950 1419 1051 1475 motus,

115 1486 192 1543 flexit
205 1485 276 1542 viam
292 1484 403 1551 Brutus,
418 1485 555 1560 (senserat
568 1483 641 1540 enirn
655 1483 827 1558 adrentum)
843 1502 877 1540 na
894 1483 989 1542 obvius
1003 1487 1052 1543 fia·

115 1578 174 1631 ret;
193 1565 345 1638 eodemque
365 1563 421 1620 fere
439 1575 572 1639 tempore,
586 1563 699 1619 dirersis
713 1562 863 1629 itineribus,
878 1561 981 1621 Brutus
996 1568 1053 1622 Ar·

117 1645 206 1712 deam,
230 1641 395 1717 Tarquinius
416 1642 543 1708 Romam,
564 1653 697 1698 venerunt
706 1639 727 1696 ³.
769 1640 919 1715 'Tarquinio
945 1644 1054 1702 clausae

117 1736 221 1800 portae,
242 1722 422 1796 exsiliumque
435 1721 588 1778 indictum:
608 1720 781 1777 liberatorem
794 1721 868 1777 urbis
882 1720 954 1779 laeta
965 1737 1055 1780 castra

116 1821 263 1879 accepera;
285 1801 429 1875 exactique
445 1800 510 1856 inde
528 1799 606 1856 liberi
626 1800 706 1874 regis.
746 1798 814 1856 Duo
839 1813 944 1876 patrem
966 1803 1054 1859 secuti

116 1894 189 1951 sunt,
211 1880 259 1956 qui
278 1879 434 1937 exsulatum
455 1872 542 1938 Caere
561 1879 589 1935 in
607 1878 739 1936 Etruscos
759 1878 858 1936 ierunt.
899 1878 963 1938 Sex.
985 1879 1055 1938 Tar-

116 1961 235 2037 quinius,
255 1959 368 2026 Gabios,
388 1970 517 2033 tanquam
531 1959 559 2014 in
573 1977 653 2014 suum
666 1977 790 2032 regnum,
805 1958 951 2034 profectus,
965 1959 1001 2017 ab
1014 1962 1055 2017 ul·

116 2037 221 2098 toribus
234 2051 358 2098 veterum
378 2037 557 2105 simultatum,
577 2055 644 2113 quas
663 2037 715 2092 sibi
727 2035 787 2112 ipse
800 2037 928 2094 caedibus
941 2039 1055 2114 rapinis-

116 2139 171 2196 que
184 2119 347 2184 conciverat,
361 2129 404 2174 est
415 2116 583 2174 interfectus.
621 2113 656 2171 L.
670 2114 835 2190 Tarquinius
847 2115 987 2192 Superbus
995 2139 1055 2195 reg·

117 2200 194 2256 navit
212 2217 297 2256 annos
318 2196 437 2271 quinque
457 2207 486 2252 et
498 2195 603 2270 viginti.
643 2194 800 2268 Regnatum
820 2195 926 2253 Rornae
939 2197 975 2254 ab
988 2218 1053 2255 con·

118 2277 177 2335 diti
188 2277 256 2334 urbe
270 2276 305 2333 ad
317 2275 457 2331 liberatam
471 2293 556 2330 annos
569 2273 703 2329 ducentos
713 2272 891 2348 quadraginta
905 2289 1023 2350 quatuor
1033 2278 1054 2333 ⁴.

153 2425 159 2453 ¹
180 2425 224 2472 See
237 2423 312 2482 Chap.
326 2419 366 2468 58.
441 2414 451 2441 ¹
469 2422 543 2476 Quae,
555 2421 599 2482 ξι.
634 2418 722 2466 Which
739 2418 812 2481 being
830 2421 961 2482 suggested
972 2423 1004 2482 by
1015 2423 1054 2468 tbo

120 2491 257 2540 immediate
271 2485 421 2550 indignation
438 2486 528 2548 arising
544 2486 606 2533 l'rorn
618 2485 658 2532 the
670 2495 759 2542 events,
772 2501 811 2534 are
822 2488 853 2547 by
862 2503 894 2534 no
905 2504 989 2536 means
1000 2505 1054 2550 easy

119 2561 158 2608 for
174 2557 298 2605 historiens
315 2564 340 2601 to
356 2563 441 2614 report.
511 2553 521 2582 ¹
540 2558 637 2608 Brutus.
655 2555 698 2618 dc.
740 2558 857 2604 Venerunt
874 2556 945 2618 equal
958 2567 983 2604 to
995 2563 1055 2606 uenit

120 2625 246 2687 repented;
263 2621 310 2670 and
320 2625 472 2684 aniversally,
484 2621 524 2668 the
534 2619 613 2682 plural
624 2621 687 2668 form
698 2620 727 2668 of
741 2619 817 2667 words
830 2619 860 2667 of
872 2638 943 2686 every
953 2623 1054 2684 descrip-

119 2695 170 2741 tion
182 2693 202 2740 is
213 2690 282 2754 equal
294 2701 319 2736 to
330 2690 370 2736 the
381 2689 489 2751 singular
499 2687 618 2750 repeated,
630 2687 677 2735 und
689 2687 709 2734 is
720 2686 779 2736 used
790 2697 815 2735 to
827 2692 955 2751 supersede
964 2695 1005 2740 tlte
1016 2707 1053 2737 ne·

121 2760 205 2822 cessity
216 2759 245 2808 of
253 2759 311 2806 such
322 2756 457 2818 repetition.
496 2757 533 2806 Dr
546 2758 672 2806 Hus't'sa.

196 2895 205 2922 ⁴
221 2896 338 2944 Romulus
341 2925 503 2942 ...............
516 2863 614 2954 reigned
631 2923 761 2940 ...........
775 2890 807 2940 37
817 2906 895 2952 years.

253 2965 421 3024 Interrogabat
434 2989 762 3009 ..............................
794 2957 804 3004 Ι
818 2973 881 3019 year.

220 3032 303 3078 Numa
308 3060 502 3078 ..................
514 3025 613 3091 reigned
627 3056 756 3075 ............
769 3023 803 3072 43
814 3039 888 3086 years.

223 3100 309 3147 Tullus
320 3098 503 3146 Hostium...
518 3119 614 3133 --·
630 3126 758 3143 ............
771 3093 804 3140 32
815 3117 882 3130 -—
964 3089 968 3100 ”

220 3168 304 3214 Ancus
313 3166 418 3212 Martius
419 3185 759 3210 .....................
772 3158 883 3206 2⁶1⁴—

224 3233 369 3295 Tarquinius
380 3233 501 3279 Primum
515 3253 614 3269 ¹¹-
627 3261 723 3277 ηοω...
738 3260 756 3276 u
769 3225 803 3273 38
815 3251 881 3266 -

220 3303 312 3348 Seruius
326 3300 503 3346 Tattius........
517 3317 614 3333 --
629 3327 756 3343 ........
768 3291 803 3340 44
813 3317 881 3330 -—

224 3369 370 3430 Tarquinius
378 3366 500 3428 Superbus.
516 3387 613 3400 —-·-
628 3394 756 3412 ...........
770 3359 804 3406 25
815 3385 881 3397 -

745 3452 889 3556 {lTyem
