2224 3862
92 215 154 272 286
473 211 508 271 Τ.
527 211 629 271 LIVII
671 217 677 224 '

95 377 172 430 ‘non
185 371 251 446 quie
263 371 386 429 incertus
399 370 553 428 sententiae
563 369 664 433 fueritc
682 366 781 442 (quem
794 368 869 426 enim
884 368 991 425 bonnm
1005 369 1048 426 ci·

98 458 181 508 ‘vem
196 470 338 508 secernere
359 469 408 508 sue
422 469 439 508 e
452 449 569 525 publicis
589 447 702 506 consiliu
712 447 744 524 P)
763 449 812 504 sed
827 447 893 522 quie
905 448 1047 517 maluerit,

98 530 237 604 ‘collegas
259 530 309 586 suis
328 542 427 605 opunte
446 530 546 586 cedere
565 527 724 586 auctoritati
743 526 865 592 serenis,
889 525 975 600 quim
997 527 1048 583 tri-

98 615 106 642 ‘
121 608 258 666 burriciem
271 619 437 684 potestatem
447 609 579 672 adversus
588 627 619 664 se
628 605 768 681 implorari
778 617 947 682 peterentur.
970 605 1048 664 Tum

99 693 107 722 ‘
120 683 240 762 qubqne,
251 689 275 744 si
288 708 332 744 res
345 688 456 752 sineret,
470 685 589 744 libenter
602 705 632 742 se
646 687 774 742 detnrnm
786 698 895 760 tempus
910 685 945 740 iis
957 684 1049 743 fuisse

98 768 155 825 ‘ed
168 779 311 842 receptum
329 767 411 822 nimis
424 765 571 841 pertinacis
585 765 746 822 sententiae.
789 763 853 830 Sed,
874 782 962 838 quum
977 763 1049 821 belli

99 851 107 879 ‘
121 847 298 904 necessitate
312 865 367 902 non
381 857 543 920 exspectent
558 843 678 902 humana
695 843 815 909 consiliu,
836 843 976 918 potiorem
991 843 1048 901 sibi

101 925 288 999 ‘collegarum
303 925 391 999 gretie
404 924 601 997 rempublicam
615 923 691 979 lore:
712 935 750 988 st,
771 923 795 978 si
812 933 923 978 maneat
937 923 966 978 in
980 943 1046 980 sen-

101 1004 212 1061 ‘tentid
224 1017 343 1070 serimus.
363 1003 526 1060 dictatorem
543 1013 625 1060 nocte
641 1001 767 1078 proxime
787 1002 943 1058 dicturum:
964 1021 1008 1070 ac,
1022 1005 1048 1060 si

100 1084 183 1158 ‘quis
204 1083 356 1141 intercedat
374 1079 488 1142 oenotris
508 1082 643 1148 consulto,
664 1080 828 1138 anctoritate
841 1090 846 1119 ¹
859 1099 890 1136 se
902 1080 963 1137 fore
978 1101 1047 1138 con-

99 1162 248 1220 ‘tcntum’
289 1163 355 1225 Quo
374 1163 447 1220 fecto
466 1180 550 1236 quum
569 1160 643 1218 bend
663 1161 828 1218 immeritem
849 1159 959 1216 leudem
983 1180 1046 1234 gm-

98 1239 221 1316 tinmqne
235 1243 309 1316 opud
323 1261 419 1298 omues
432 1240 548 1306 tulisset,
558 1241 692 1298 dictatore
702 1240 734 1296 P.
747 1238 876 1296 Cornelio
883 1237 973 1305 dicto,
984 1239 1046 1315 ipse

98 1321 133 1376 ab
148 1340 182 1378 eo
195 1321 326 1394 magister
336 1321 459 1395 equitum
471 1331 579 1378 creatus
589 1319 716 1394 exemplo
726 1318 779 1374 fuit
791 1318 911 1391 collegas
923 1337 1047 1393 eumque

100 1399 281 1464 intuentibus,
299 1399 381 1473 quiem
396 1401 484 1475 gretie
496 1410 579 1472 etque
593 1397 681 1454 bonos
694 1396 892 1474 opportuniore
904 1397 1046 1454 interdurn

99 1496 155 1534 nou
165 1478 340 1554 cupientibus
353 1491 454 1535 essent.
483 1477 591 1535 Bellum
607 1476 680 1534 houd
694 1476 870 1533 memorabile
885 1476 948 1532 fuit.
979 1477 1046 1536 Uno
1107 1495 1108 1500 ¹

99 1567 182 1630 utque
195 1577 230 1614 eo
244 1557 317 1614 facili
331 1557 435 1632 proelio
449 1557 522 1614 coesi
533 1557 569 1613 nd
579 1557 696 1613 Antium
709 1553 811 1612 hostes.
851 1554 951 1612 Victor
965 1575 1046 1614 exer-

98 1634 171 1692 cituo
192 1635 375 1711 depopulatus
397 1636 531 1694 Volscum
555 1655 661 1710 egium
711 1635 862 1692 Castellum
888 1635 924 1692 nd
952 1635 1044 1693 lecum
1107 1693 1108 1710 p

98 1712 235 1772 Fucinum
250 1714 277 1769 vi
291 1727 478 1789 expugnatum
489 1736 501 1772 z¹
518 1727 601 1789 atque
621 1716 649 1770 in
669 1733 704 1772 eo
720 1715 772 1771 tria
792 1713 877 1770 millia
897 1712 1043 1772 bominum
1107 1717 1108 1776 i

99 1804 191 1868 cepte,
205 1793 304 1852 ceteris
319 1793 427 1851 Volscis
441 1795 513 1852 intre
526 1793 636 1851 moenie
648 1793 806 1870 compulsis,
828 1812 879 1850 neo
893 1794 1044 1852 defenden-

98 1871 173 1931 tibus
186 1892 275 1949 egros.
316 1872 453 1940 Dictator,
464 1875 538 1932 bello
549 1874 588 1930 ite
597 1885 684 1948 geete,
696 1886 728 1930 nt
741 1873 847 1930 tentitm
858 1892 913 1930 uon
923 1874 1045 1931 defuisse
1107 1907 1108 1940 3

99 1951 226 2010 mannes
235 1953 381 2019 videretur,
395 1953 535 2022 felicitate,
549 1951 631 2028 quem
643 1953 738 2028 glorie,
747 1951 835 2028 major
849 1952 877 2008 in
890 1953 992 2009 urbem
1003 1971 1045 2010 re·
1107 1949 1108 1960 ³

99 2031 160 2099 diis,
174 2033 391 2106 magistratuque
401 2051 435 2090 ¹ee
444 2033 590 2090 abdicavit.
631 2031 749 2088 Tribuni
761 2031 890 2098 militum,
902 2033 1045 2090 mentione
1107 2099 1108 2116 χ

99 2111 175 2168 nulle
194 2109 368 2168 comitiorum
388 2113 572 2170 consularium
593 2109 687 2168 habito
700 2111 799 2186 (credo
817 2113 854 2168 ob
873 2111 944 2168 irem
959 2112 1044 2168 dictu·
1107 2165 1108 2190 p

3 2229 4 2234 κ
100 2191 167 2250 toris
181 2190 292 2266 crenti,)
312 2189 484 2248 tribunorum
498 2192 617 2248 militum
636 2191 751 2248 comitio
771 2190 929 2248 edixerunt.
972 2188 1044 2248 Tum

101 2266 167 2327 verb
180 2270 289 2342 gravior
303 2288 368 2326 cura
383 2270 510 2328 Patribus
524 2271 635 2327 incessit
644 2293 653 2326 :¹
671 2271 772 2345 quippe
785 2289 871 2345 quum
887 2271 970 2346 prodi
983 2290 1045 2327 cnu-
1107 2287 1108 2290 ’

99 2365 157 2404 snm
171 2348 206 2402 ab
220 2347 277 2404 suis
291 2361 443 2404 cernerent.
483 2348 581 2424 Itaque
596 2349 670 2406 sicut
689 2351 780 2423 priore
800 2369 873 2406 euno
890 2369 942 2425 per
955 2349 1043 2424 iudig-
1107 2375 1108 2410 1

99 2425 226 2484 nissimos
247 2446 282 2482 ex
303 2426 417 2500 plebeiis
441 2429 601 2484 candidatos
625 2429 758 2494 omnium,
781 2429 865 2484 etiem
885 2429 1042 2503 dignorum,

98 2505 220 2562 taedium
230 2505 368 2568 socorsum
388 2507 428 2563 sic
439 2517 508 2572 tum,
518 2507 684 2582 primoribus
696 2508 809 2564 Petrum
821 2508 970 2582 splendore
983 2527 1041 2584 gre-

98 2584 193 2660 tieque
213 2585 249 2642 ad
269 2583 419 2660 petendum
441 2585 616 2662 praeparetis,
634 2587 727 2646 omnin
743 2587 804 2643 loce
823 2587 990 2655 obtinuere;
1009 2605 1041 2643 ne
1107 2611 1108 2640 ι

3 2705 4 2710 1
66 2734 69 2738 ¹
101 2665 147 2720 cni
167 2663 276 2740 plebeio
293 2664 384 2720 editus
404 2677 486 2722 esset.
526 2665 654 2728 eretnor
672 2667 758 2725 creati
777 2679 851 2733 sunt,
870 2661 971 2724 omnes
986 2665 1041 2744 jem
1107 2661 1108 2738 i

203 2741 293 2800 functi
313 2762 347 2800 eo
367 2742 480 2810 honore,
501 2743 536 2801 L.
550 2743 650 2801 Furius
667 2745 847 2808 Medullinus,
868 2745 903 2803 C.
917 2746 1043 2804 Valerius
1107 2739 1108 2774 i

3 2817 4 2858 ἒ
102 2811 127 2846 ¹³·
142 2812 164 2848 ⁰·
207 2821 325 2887 Potitus,
349 2820 387 2878 N.
411 2823 513 2880 Fabius
537 2823 699 2891 Vibulenus,
717 2824 761 2882 Ὀ.
785 2825 919 2882 Servilius
947 2825 1043 2884 Abale.

3 2875 4 2910 l
102 2865 153 2915 348

153 2899 159 2914 ¹
207 2899 265 2958 Hic
279 2901 398 2958 refectus
412 2902 691 2969 continuetobouore,
704 2923 789 2979 quum
799 2905 910 2962 obelies
920 2905 1042 2971 vittutes,

100 2989 160 3036 tum
175 2980 211 3035 ob
224 2992 363 3037 recentem
378 2982 499 3038 favorem
513 2983 596 3040 unicui
608 2983 796 3040 moderatione
810 2996 931 3059 partum.
1107 2983 1108 3002 l

139 3057 250 3116 LVIII.
280 3058 324 3115 Eo
343 3080 425 3128 enno,
442 3062 507 3135 quie
526 3075 637 3137 tempus
656 3063 829 3119 induciarum
843 3083 916 3120 ¹cnm
931 3064 1041 3142 Vejcnti

99 3136 204 3213 populo
218 3138 323 3195 exierat
335 3143 357 3208 ²,
378 3157 428 3215 per
447 3141 552 3215 legatos
565 3141 731 3216 fecialesqne
750 3161 794 3198 res
815 3143 905 3219 repeti
919 3159 1040 3222 coeptae.

131 3283 139 3311 ¹
158 3288 166 3313 ‘
181 3281 208 3330 If
222 3298 270 3346 uny
281 3299 367 3344 person
376 3284 530 3344 interceded,
544 3288 584 3336 the
595 3295 706 3334 sentence
717 3287 747 3334 os
760 3288 800 3335 tbe
811 3297 893 3336 senate
905 3305 955 3338 was
966 3290 1040 3338 called

97 3353 106 3379 ⁴
118 3354 219 3400 Senator
230 3356 367 3409 auctoritas,
380 3353 441 3398 their
449 3351 580 3414 judgrnent
592 3370 619 3402 or
631 3354 737 3414 opini0n‚
756 3354 804 3401 end
816 3365 859 3403 not
870 3361 977 3408 Senatus
987 3377 1038 3408 coo·

95 3420 213 3474 ‘rultuoo
224 3433 252 3466 or
263 3423 389 3472 decretum,
403 3418 465 3466 their
475 3417 623 3468 commend.⁹
658 3421 696 3468 Dr
710 3423 801 3469 ΛΜΗ.
887 3419 898 3446 ¹
912 3425 966 3472 'Ibe
977 3433 1039 3473 truce

96 3498 146 3532 ures
156 3485 235 3542 mode,
248 3487 302 3548 (see
316 3487 344 3533 C.
355 3485 411 3546 en)
422 3485 447 3532 in
461 3487 518 3538 330.
556 3489 623 3534 How
633 3489 689 3535 then
706 3488 754 3536 bod
765 3491 805 3535 the
816 3497 889 3543 truce,
902 3492 983 3540 whids
994 3509 1037 3539 was

96 3550 215 3600 medetur
226 3553 260 3602 20
271 3569 348 3616 years,
360 3551 458 3614 expired
470 3553 551 3602 before
562 3554 630 3604 348?
666 3555 697 3604 ln
705 3557 747 3604 the
755 3571 820 3604 same
830 3572 888 3622 way,
902 3559 1037 3608 howdowe
