2230 3846
100 161 155 224 188
489 157 523 218 Τ.
543 155 643 218 L1V11

95 316 193 394 plebei,
208 315 329 392 patriciis
337 315 485 392 juvenibus
498 329 638 396 sepserant
651 316 743 374 latera.
784 285 889 374 Eorum
910 327 1050 375 catervae

95 396 240 454 tribunalia
257 395 427 454 obsederant.
468 395 509 453 Hi
528 397 607 464 ferre,
630 415 711 472 agere
724 395 865 472 lplebem
888 396 1045 472 plebisque

95 495 155 542 τοις
173 495 258 550 quum
278 475 394 542 fortuna,
415 476 470 550 quir
482 475 612 550 quioquid
632 475 755 550 cupitum
769 475 847 541 foret,
865 477 1044 568 potentioris

94 559 187 612 esset²
190 595 197 609 .
239 553 301 612 Et
288 573 346 630 Jarn
361 573 396 610 ue
408 568 487 630 tergo
500 555 610 630 quidem
624 553 825 619 abstinebatur:
845 555 930 628 virgis
945 555 1045 621 caedI,

94 633 141 690 alii
160 634 250 690 securi
270 575 386 710 eribjici;
406 646 442 701 at,
459 653 494 690 ne
510 633 629 707 gratuita
641 633 879 710 crudelius-esset,
894 635 1044 690 bonorum

95 711 206 769 donatio
219 712 297 787 sequi
307 712 410 768 domini
418 713 596 822 supplicium..
631 711 696 770 Htc
706 711 831 768 mercede
836 711 973 787 juventus
985 731 1044 768 no·

95 790 156 848 bilis
176 803 312 867 correpta,
333 811 387 848 non
404 793 487 849 mode
500 790 574 848 non³
588 791 628 848 ire
641 789 769 848 obviam
762 789 885 868 rnjanea,
898 792 951 848 sed
970 809 1043 866 pro-
1090 827 1093 834 ψ

94 869 185 946 palam
198 869 334 928 lloeutiam
349 889 426 927 sunm
440 870 529 938 malle,
543 868 625 945 quarn
639 871 762 926 emnium
776 869 942 928 libertatem.
972 871 998 954 1
1009 888 1062 932 ι

196 948 365 1006 XXXVIII.
384 948 451 1007 Idus
461 948 555 1006 Maiae
564 969 671 1006 venere
713 948 802 1005 Nullis
810 907 1042 1024 subrogatrslma

196 1028 361 1103 gistratibus,
375 1028 474 1104 privati
487 1048 540 1138 pro·
550 1027 719 1095 decemviris,
728 1047 818 1102 neque
827 1028 924 1084 animis
935 1027 990 1085 ad
981 1047 1042 1084 rm·

128 1073 302 1182 ⁵'perium
316 1105 517 1165 inhibendum4
532 1106 693 1174 Imminutis,
707 1108 839 1182 nequead
849 1107 970 1182 speciem
983 1104 1042 1163 bo·

92 1185 166 1242 noris
185 1185 346 1260 insignibus,
366 1187 511 1264 prodeunt.
551 1185 584 1242 ld
599 1185 663 1244 verb
676 1205 791 1261 reguum
804 1183 877 1244 haud
891 1186 977 1243 dnbib
993 1187 1047 1249 vi-,
1070 1233 1083 1250 „

92 1264 159 1322 deri.
200 1263 395 1357 Deploratur
388 1278 597 1342 inperpetuum
617 1265 747 1331 libertas;
763 1283 814 1322 nec
832 1264 934 1320 vindex
955 1265 1039 1339 quis*

92 1361 175 1418 quam
189 1343 304 1412 exsistit,
321 1356 370 1402 aut
388 1345 497 1402 futurus
510 1344 626 1400 videtur.
666 1342 752 1402 Neo
745 1363 797 1420 rper
788 1343 896 1402 soliun
910 1344 1038 1420 despon-

92 1422 188 1480 derant
201 1419 315 1490 auImos,
329 1423 377 1480 sed
391 1423 529 1494 contemni
542 1423 633 1500 coepti
647 1435 723 1480 erant
737 1441 753 1480 e
766 1421 887 1480 finitimis
901 1423 1038 1498 populis:

91 1501 291 1576 imperiumque
305 1501 342 1558 ibi
356 1522 425 1579 esse,
438 1487 486 1559 ubi
499 1521 553 1558 non
567 1514 640 1560 esset
653 1501 771 1568 libertae,
785 1501 1001 1575 indignabantur
1013 1501 1038 1557 ⁵.

94 1579 187 1640 Sabini
203 1581 302 1655 magnei
315 1601 397 1638 manu
409 1580 591 1638 incursionem
606 1581 634 1638 in
648 1600 742 1652 agrum
754 1581 909 1636 Romanum
920 1581 1036 1640 fecere.

91 1659 200 1734 lataque
213 1659 346 1737 populati,
361 1680 445 1735 quum
460 1659 600 1716 hominnm
615 1671 698 1734 atque
711 1660 847 1735 pecudum
859 1659 939 1716 inulti
950 1679 1037 1736 prae·

92 1738 141 1796 das
154 1740 283 1814 egissent,
297 1753 409 1814 recepto
422 1739 457 1796 ad
472 1739 596 1806 Eretum,
617 1740 691 1814 qued
705 1737 805 1813 passim
819 1751 947 1813 vagatum
962 1752 1036 1808 erat,

91 1817 209 1892 angne,
230 1830 318 1875 castra
337 1818 436 1883 locant,
457 1836 533 1894 spem
553 1818 582 1873 in
595 1817 732 1876 discordia
747 1817 872 1874 Romania
885 1831 1036 1893 ponentes,

92 1915 153 1954 eam
173 1897 400 1973 impedimentum
422 1895 540 1954 delectui
558 1897 624 1954 iore.
665 1895 728 1952 Non
749 1895 847 1954 nuncii
862 1897 961 1965 solim,
980 1899 1035 1954 sed

91 1995 141 2052 per
153 1977 250 2034 urbem
263 1975 411 2050 agrestium
425 1975 490 2050 fuga
502 1973 712 2052 trepidationem
723 1975 825 2052 injecit.
866 1974 1034 2034 Decemviri

92 2055 256 2124 consultant,
276 2055 342 2130 quid
362 2074 431 2131 opus
450 2055 522 2128 facte
540 2054 585 2114 sit.
625 2053 775 2112 Destitutis
787 2055 859 2111 inter
872 2056 989 2112 Petrum
1004 2068 1038 2112 et
1105 2055 1106 2122 ζ

92 2133 179 2210 plebis
199 2135 262 2192 odie
281 2133 387 2192 addidit
405 2145 537 2190 terrorem
558 2133 669 2210 insuper
681 2133 764 2190 elium
779 2134 894 2190 fortuna.
935 2133 1035 2208 Aequi

92 2213 146 2270 alit
165 2233 200 2270 ex
220 2225 298 2288 parte
316 2225 404 2270 castra
417 2213 445 2268 in
460 2213 563 2288 Algido
576 2213 682 2270 locant:
703 2213 953 2288 depopulatumque
966 2213 1036 2270 inde
1105 2265 1106 2276 ,

93 2292 299 2348 excursionibus
319 2291 505 2348 'lusculanum
526 2311 620 2366 agrurn
638 2293 720 2367 legati
737 2293 770 2348 ab
785 2291 914 2356 Tu‚scnlo
928 2292 1035 2366 praesi·
1105 2309 1106 2328 ι

93 2369 169 2426 diurn
183 2379 300 2433 orantes,
315 2370 453 2426 nunciant.
495 2371 522 2426 Is
535 2369 934 2448 paverperpulitdecemvires,
946 2383 1032 2426 utae-

92 2460 197 2517 natum,
218 2447 300 2504 simul
321 2447 430 2504 duobus
443 2449 681 2508 circumstantibus
695 2451 789 2508 urbem
804 2449 888 2516 bellis,
903 2447 1035 2506 eonsule-
1105 2453 1106 2462 ‘

93 2541 163 2586 rent.
205 2525 290 2584 Citari
300 2525 421 2602 j'nbent
414 2546 442 2584 ιιι
456 2527 558 2584 curiam
574 2529 677 2596 Patres,
688 2529 776 2587 baud
769 2547 864 2603 rgnerr
875 2541 978 2603 quanta
987 2547 1034 2584 rn-
1105 2523 1106 2548 ³

93 2606 210 2664 vidiae
202 2607 358 2663 rmrnineret
377 2613 571 2682 tempestast‘
585 2627 680 2666 ornnes
701 2608 798 2665 vastati
816 2607 873 2682 agri
892 2605 1030 2683 periculo·
1105 2605 1106 2662 ξ

94 2692 231 2760 ‘rumque
254 2685 456 2743 imminentium
476 2705 572 2744 causas
591 2687 619 2743 in
638 2707 668 2746 se
689 2699 874 2763 congesturos,
900 2686 1030 2743 tentatio·
1105 2683 1106 2732 l

128 2795 234 2853 ¹Fme,
247 2814 322 2857 agere,
340 2795 517 2844 similertothe
532 2797 686 2864 Greekprgrvr
696 2801 761 2846 ιιιιιά
763 2819 812 2860 pun
830 2795 877 2844 and
890 2797 930 2844 the
944 2797 1031 2846 Scotclt
1105 2793 1106 2800 ¹

93 2861 195 2926 sterling
206 2863 253 2911 end
261 2863 348 2926 lifting
350 2863 485 2925 -applied,
498 2865 538 2912 the
545 2865 633 2912 former
643 2875 669 2911 ιο
680 2863 825 2926 plundering
835 2865 912 2925 goods
923 2866 977 2912 that
987 2879 1031 2913 can
1105 2889 1106 2926 ι

93 2931 124 2977 be
146 2929 244 2988 carried,
268 2932 308 2979 the
329 2932 400 2980 letter
422 2942 447 2979 to
469 2931 627 2994 plundering
632 2931 711 2990 cattle,
729 2935 772 2982 dvc.
792 2933 868 2978 which
881 2947 921 2980 are
936 2931 1028 2981 drivert

94 2997 104 3026 ¹
123 2999 159 3046 As
173 2999 213 3046 the
227 3015 325 3062 passage
337 2998 425 3056 stands,
438 3015 473 3046 we
484 3009 549 3048 rrrrrst
559 2998 728 3048 understand
721 3009 741 3046 rt
752 2999 808 3046 vvitb
823 2999 901 3048 Stroth
913 3009 939 3048 te
951 3015 1030 3056 mean,

94 3065 163 3113 when
180 3068 220 3114 the
236 3067 333 3114 fortune
344 3068 401 3114 with
413 3067 489 3114 which
505 3083 552 3130 arry
563 3067 632 3130 thing
646 3067 724 3131 might
734 3069 764 3114 be
774 3069 927 3131 rnecerrfnlly
938 3066 1031 3116 desired

93 3147 142 3180 was
154 3149 185 3180 on
203 3135 242 3181 the
253 3133 303 3180 side
315 3133 343 3180 of
357 3135 396 3180 the
408 3149 473 3181 more
484 3134 601 3196 powerful
612 3144 687 3196 party.
726 3135 755 3182 lu
767 3135 806 3182 the
818 3135 897 3182 crowd
907 3135 937 3182 of
950 3150 1030 3182 emen·

93 3199 195 3255 datione,
213 3201 249 3248 hie
266 3200 365 3262 readIng
381 3201 410 3248 of
424 3220 477 3250 cum
487 3201 591 3263 formed
608 3217 684 3250 seems
698 3201 738 3248 the
749 3203 899 3259 best—with
912 3219 927 3250 a
938 3217 1031 3250 success

94 3269 152 3316 euch
165 3269 214 3315 thet
226 3269 350 3324 whatever,
361 3269 406 3316 dre.
450 3269 459 3297 ¹
479 3271 522 3316 See
532 3285 556 3330 p.
568 3271 606 3320 46.
621 3279 677 3316 note
691 3269 712 3324 l,
727 3270 810 3317 Canon
820 3271 843 3318 2.
896 3271 905 3300 ⁴
923 3273 1030 3320 Inhibcre

92 3338 227 3399 imperinm,
236 3338 318 3385 bebere
327 3340 452 3398 rutpertum
459 3341 492 3390 ιἰι,
501 3346 526 3383 ιο
532 3337 641 3384 exerclse.
673 3337 682 3366 ⁵
692 3337 753 3399 Livy
761 3336 921 3400 inaccurately
927 3337 1030 3399 changes

93 3402 133 3449 tbe
144 3403 289 3450 nominative
300 3413 325 3450 to
336 3404 376 3450 the
388 3411 435 3450 two
446 3403 576 3452 connected
587 3407 661 3456 verbs,
670 3405 710 3450 the
721 3404 771 3452 first
780 3404 903 3468 beingipsi
917 3407 1029 3460 Romani,

92 3469 133 3518 the
144 3469 231 3520 second
233 3473 346 3538 finitimi.
382 3470 433 3518 The
445 3471 582 3536 suggestion
595 3471 623 3520 ol
631 3476 673 3537 qui
684 3471 722 3520 lor
732 3490 777 3537 que
788 3487 864 3522 seems
876 3469 1003 3536 plausible.

94 1017 153 1123 ὓιὲ.
