2224 3862
81 176 142 236 aro
353 164 357 172 '
482 175 517 235 Τ.
538 174 638 236 L1v11

92 343 99 368 ‘
114 353 183 410 quos
199 335 316 392 oderint.
357 334 441 396 Qutd
460 335 483 390 si
497 337 599 392 tribuni
613 333 709 392 eodem
723 333 834 391 foedere
848 331 1000 405 obligatos
1016 349 1058 386 se

93 422 101 447 ‘
115 415 251 471 fateantur
264 413 401 470 tollendae
410 414 599 514 appellationis
608 415 698 481 causi,
708 413 734 468 in
746 433 827 488 quam
838 411 846 444 ¹
862 411 1063 486 conspirasse

94 501 100 526 ‘
116 493 285 550 decemviros
300 492 435 550 criminati
449 493 527 558 sint-ff
547 493 613 550 ait‘
627 513 657 550 ae
671 511 819 568 provocare
832 492 868 548 ad
883 490 1064 566 populum·

93 579 101 606 ⁴
114 573 259 664 implorare
269 573 388 647 legesde
397 573 599 648 provocatione,
614 585 642 629 et
651 572 814 638 consulares,
827 583 856 628 et
865 568 1065 632 tribunicias,

95 659 102 685 ‘
117 671 150 708 eo
163 652 224 728 ipso
238 671 309 708 anno
322 653 399 708 latas.
440 651 531 714 Quem
546 653 618 708 euim
633 663 853 728 provocaturum,
868 669 893 704 ει
885 646 998 704 '²hoc
1017 647 1065 701 in·

91 740 102 784 .‘
117 731 247 788 demnato
264 731 368 788 indicta
387 749 471 788 causa
489 751 544 787 ιιοιι
564 731 672 788 liceat?
694 729 748 787 Cui
768 729 877 804 plebeio
895 740 929 784 et
946 725 1067 782 humili

97 810 312 885 ‘praesidium'
305 829 333 866 ιιι
353 811 459 884 legibus
472 811 538 876 fore,
552 830 576 866 ιι
567 811 646 886 Ap
662 808 779 866 Claudio
792 827 846 864 ιιοιι
861 806 926 864 sit?
950 825 988 862 se
1006 806 1066 861 do·

95 888 269 946 ‘cumento3
290 890 421 954 futurum,
442 890 534 946 utrium
552 889 630 946 novis
649 887 755 962 legibue
775 886 943 950 dominatio,
965 903 1011 941 an
1029 885 1065 938 li-

97 976 104 1001 ‘
118 969 209 1024 bertas
222 969 330 1026 firmata
341 969 395 1024 ait·
416 980 445 1024 et
458 969 604 1044 appellatio
618 966 830 1043 provocatioque
843 963 1026 1022 adversus
1018 983 1065 1018 rn-

98 1045 217 1122 ‘juriam
237 1048 446 1148 magistratuum
466 1059 602 1104 ostentata
621 1047 728 1103 tantum
747 1045 872 1101 inanibus
886 1043 1000 1112 bieria,
1025 1060 1065 1098 an

93 1133 104 1162 ‘⁴
118 1128 181 1184 verb
195 1126 259 1184 data
270 1126 323 1184 sit’

135 1205 229 1263 LVlI.
251 1206 355 1264 Contra
368 1225 401 1262 ea
414 1205 563 1281 Virginius,
578 1225 665 1261 unum
680 1205 735 1280 Ap.
748 1161 895 1264 Claudium
908 1215 941 1259 et
950 1202 1063 1278 legum

23 1337 32 1354 ,
97 1297 240 1361 expertem
251 1297 279 1342 et
296 1285 420 1342 civiliset
433 1284 546 1342 hnmani
560 1285 677 1341 foederis
691 1303 759 1349 esse,
774 1285 873 1342 aiebat.
917 1281 1063 1356 ‘Respi-

99 1363 238 1422 ‘cerent4
258 1365 378 1420 tribunal
405 1363 538 1430 homiues,
566 1364 708 1421 castellum
734 1365 856 1420 omnium
885 1361 1061 1418 scelerum:

99 1443 169 1499 ‘ubi
189 1443 328 1500 decemvir
347 1444 392 1500 ille
412 1456 570 1519 perpetuus,
591 1443 678 1510 bonis,
693 1455 779 1534 tergo,
794 1441 923 1514 sanguini
940 1441 1062 1496 civium

98 1530 107 1556 ‘
121 1522 284 1590 infestus,
260 1542 348 1597 virgas
369 1542 533 1596 securesque
553 1523 680 1578 omnibus
695 1523 832 1587 minitans,
848 1520 986 1576 Deorum
1005 1517 1060 1574 ho-

93 1608 107 1638 ·‘
121 1602 282 1676 mirumque
292 1613 481 1693 coutemptor;
494 1602 674 1668 carnificibus,
684 1621 738 1657 non
749 1601 901 1664 lictoribus,
913 1599 1059 1690 stipatus,

98 1680 174 1796 :jam
195 1682 229 1737 ab
250 1681 351 1756 rapinis
371 1693 400 1737 et
419 1681 549 1737 caedibus
569 1681 661 1738 animo
677 1681 712 1736 ad
725 1681 867 1737 libidinem
883 1697 980 1744 verso,
999 1679 1058 1733 vir·

98 1761 213 1834 ‘ginem
232 1760 379 1834 ingenuam
400 1760 427 1816 in
449 1760 536 1816 oculis
549 1759 645 1836 populi
660 1759 786 1823 Romani,
801 1759 877 1815 velut
890 1757 967 1814 bello
985 1775 1059 1832 cap-

99 1845 190 1906 ⁴tam,
211 1840 245 1896 ab
266 1840 411 1915 complexu
433 1840 517 1915 patris
536 1841 686 1914 abreptam,
707 1839 832 1895 ministro
853 1835 980 1894 cubiculi
1009 1837 1056 1892 sui

100 1918 214 1976 ‘clienti
230 1920 303 1974 dono
317 1919 433 1974 dederit.
474 1919 531 1977 Ubi
544 1919 650 1974 crudeli
664 1919 776 1975 decreto
789 1915 1018 1990 nefandisque
989 1935 1053 1972 vin·

101 2006 109 2032 ‘
124 1998 202 2054 diciis
213 1999 354 2054 dexteram
364 1997 449 2073 patris
458 1997 485 2052 in
497 1997 578 2054 filiam
593 1997 753 2063 armaverit;
767 1997 822 2063 ubi,
838 1996 970 2052 tollentes
987 2015 1053 2052 cor-

102 2084 109 2111 ‘
123 2097 175 2153 pus
189 2078 349 2135 semianima
361 2077 479 2152 virginis,
492 2095 622 2152 sponsum
631 2076 852 2151 avunculumque
863 2075 891 2130 in
903 2090 1052 2131 carcerem

101 2162 108 2191 ‘
123 2158 186 2214 duci
196 2157 326 2231 jusrerit3
340 2168 435 2232 stupro
444 2155 615 2230 interpellato
629 2156 724 2230 magis,
737 2155 817 2228 quim
833 2154 928 2218 caede,
941 2165 1051 2209 motus.

101 2242 108 2269 ‘
124 2235 162 2292 Et
176 2235 216 2291 illi
230 2255 367 2292 carcerem
381 2236 554 2292 aedificatum
569 2254 637 2300 esse,
656 2235 729 2309 quod
744 2234 914 2290 domicilium
927 2232 938 2264 ⁵
955 2233 1051 2308 plebis

100 2321 108 2348 ⁴
125 2313 266 2370 Romanae
282 2333 377 2370 vocare
392 2315 427 2370 sit
440 2314 544 2370 solitus.
587 2313 714 2380 Proinde,
730 2326 761 2370 ut
774 2314 819 2368 ille
827 2313 928 2369 iterum
940 2331 974 2369 ac
986 2331 1049 2368 sae-

94 2399 110 2434 «‘
123 2393 186 2467 pius
206 2406 346 2466 provocet,
367 2392 407 2448 sic
427 2413 456 2448 se
471 2394 570 2449 iterum
585 2412 618 2449 ac
631 2393 740 2469 saepius
749 2391 873 2468 judicem
889 2392 927 2447 illi
941 2390 1047 2456 ferre⁶,

102 2479 109 2506 ‘
124 2471 152 2526 ni
166 2471 298 2527 vindicias
311 2471 345 2526 ab
359 2470 484 2527 libertate
502 2472 529 2528 iu
544 2472 704 2528 servitutem
718 2472 826 2528 dederit
837 2470 858 2527 ⁷.
900 2469 931 2526 si
946 2471 981 2526 ad
999 2472 1047 2546 ju·

102 2551 215 2606 ‘dicem
235 2569 290 2606 non
311 2561 364 2616 eat,
385 2569 435 2624 pro
456 2551 584 2606 damnato
605 2551 632 2606 in
648 2551 756 2606 vincula
770 2551 833 2606 duci
843 2548 960 2625 jubere)
1008 2549 1046 2606 Ut

100 2629 175 2685 haud
195 2648 333 2704 quoquam
358 2628 538 2703 improbante,
565 2627 624 2686 sic⁸
652 2649 751 2704 magno
778 2640 856 2685 motu
877 2628 1043 2693 animorum,

94 2728 185 2782 -quum
208 2711 276 2766 tanti
296 2708 346 2764 viri
365 2708 503 2784 supplicio
521 2719 628 2764 suamet
648 2709 721 2784 plebi
736 2708 793 2784 jam
819 2709 905 2764 nimia
931 2707 1042 2764 libertae

93 2788 248 2855 ¹videretur,
263 2789 291 2844 in
306 2805 441 2845 carcerem
457 2799 499 2844 est
512 2787 661 2864 conjectus.
703 2787 840 2850 Tribunus
855 2787 882 2842 ei
896 2787 970 2842 diem
980 2803 1041 2860 pro·

102 2866 173 2924 dixit
183 2865 205 2923 ⁹.
246 2867 322 2924 Inter
343 2865 410 2924 haeo
423 2867 457 2923 ab
472 2865 577 2922 Latinis
592 2880 620 2922 et
635 2867 768 2930 Hernicis¹
778 2866 861 2940 legati
875 2866 1040 2940 gratulatum

101 2946 137 3002 de
152 2947 298 3004 concordii
313 2947 427 3002 Petrum
440 2965 473 3002 ac
486 2945 573 3020 plebis
583 2946 700 3004 Romam
711 2957 863 3010 venerunt3
883 2945 1039 3016 donumque

138 3095 144 3122 ¹
166 3099 250 3150 Quam.
290 3097 400 3158 Doering
412 3103 523 3156 suggests
531 3099 592 3156 quod
600 3094 654 3142 with
668 3094 809 3142 arelerence
819 3103 844 3140 to
853 3095 1036 3156 eodemsoedere

103 3163 186 3221 Mark,
203 3166 321 3226 appellare
336 3167 598 3224 tribunos-provocare
610 3168 641 3212 od
649 3167 771 3226 populum.
838 3161 848 3189 ²
867 3164 928 3214 Hoc,
939 3159 1037 3218 namely,

99 3248 234 3297 provocare
356 3229 365 3258 ³
383 3232 468 3289 Scep.
483 3229 523 3285 33,
536 3229 624 3275 notel
757 3229 765 3256 ⁴
785 3230 864 3287 Scep.
882 3227 938 3278 119,
951 3225 1035 3277 ιιοιε3,

103 3302 112 3328 ⁵
132 3297 250 3357 Probably
263 3297 333 3342 taken
343 3299 374 3358 by
386 3297 447 3358 Livy
457 3296 518 3342 from
531 3313 561 3342 an
575 3292 628 3356 e'xpr
622 3295 709 3342 ression
723 3297 752 3342 of
763 3296 854 3342 Cicero
857 3313 868 3340 ι
870 3295 960 3362 ,(Lib.
974 3310 995 3338 v.
1011 3291 1037 3356 Ip

105 3367 206 3412 Verrem
209 3362 228 3422 ,)
240 3379 299 3425 quo.
290 3365 330 3410 ed
343 3366 373 3424 by
386 3363 529 3418 Gronovius,
542 3365 619 3409 where
631 3365 659 3409 he
670 3363 753 3409 cailan
768 3365 899 3424 Syracusan
913 3360 1021 3422 prisonr
1001 3363 1036 3406 dn

104 3437 219 3482 martirum
231 3449 315 3480 curma
331 3436 499 3485 Romanorum,
567 3431 577 3457 ⁶
596 3433 673 3490 Seep.
691 3430 746 3488 173,
759 3430 851 3476 note3.
971 3427 979 3454 ⁷
999 3427 1038 3474 see

95 3513 128 3558 p.
147 3501 199 3555 196,
214 3486 305 3548 notel
373 3499 482 3598 ⁸Seep
494 3497 535 3555 98,
548 3497 638 3545 notel.
685 3499 816 3561 5Seep
836 3496 889 3556 199
898 3493 989 3542 notai
