2232 3862
441 233 565 294 LIBER
585 233 609 294 1.
950 237 986 294 61

55 402 203 461 ‘marsna
223 411 336 450 manere
348 391 391 449 his
404 392 505 452 bellum
515 405 532 464 ¹,
552 393 626 470 qnod
643 393 763 470 positum
780 391 941 462 simuletnrr
961 405 990 452 et

51 481 113 550 ⁴par
132 473 316 530 occasionem
336 491 401 530 eum
420 472 545 531 incantos
564 475 730 530 invasurum.
770 471 854 536 and
874 473 898 530 si
917 473 992 549 apud

53 560 111 609 ‘eos
120 551 302 628 supplicibus
311 551 388 610 locus
397 553 507 619 nonsit,
518 563 719 629 pererraturum
730 571 759 608 ae
769 569 850 608 omne
861 550 991 609 Latium:

52 631 246 706 ‘Volscosque
260 649 289 688 se
302 630 375 700 inde,
390 641 419 688 et
430 631 553 706 Aequos,
567 643 596 688 et
606 631 744 688 Hernicos
757 630 924 706 petiturum
944 632 993 690 do·

6 719 7 772 1
52 719 114 768 ‘nec
126 711 169 767 ad
185 729 236 768 eos
249 710 399 786 perveniat,
419 709 468 783 qui
479 729 496 766 a
508 721 617 786 patrum
635 708 792 768 crudelibus
804 719 887 784 atque
899 709 991 787 impiis

52 789 214 864 ‘suppliciis
228 800 322 864 tegare
335 788 436 844 liberos
449 788 553 852 sciant,
585 789 710 846 Forsitan
728 788 811 846 etiam
824 789 927 846 ardoris
940 790 990 848 ali·

52 867 132 942 ‘qnid
147 869 190 924 ad
203 867 307 924 bellum
322 885 452 941 armaque
465 887 495 924 se
508 869 637 926 adversus
654 866 879 944 superbissimum
896 887 989 944 regem

52 954 98 1004 ‘ae
109 945 318 1004 ferocissimum
329 947 462 1024 populum
472 945 663 1004 inventurum!
694 946 798 1012 Quum,
812 945 836 1002 si
848 944 915 1002 nibil
929 965 989 1005 mo·

52 1037 183 1093 urentur,
193 1025 316 1090 infensus
326 1025 367 1082 ira
375 1025 458 1101 porrb
468 1025 531 1083 inde
539 1025 663 1082 abiturus
673 1025 820 1091 videretur,
828 1023 946 1100 benigne
954 1028 989 1084 ab

54 1105 165 1162 Gabinis
179 1103 325 1180 excipitur.
366 1103 470 1161 Vetant
483 1112 491 1138 ‘
502 1103 602 1172 mirari,
616 1104 648 1172 si,
663 1104 751 1180 qualis
764 1105 792 1160 in
806 1103 888 1172 cives,
902 1105 989 1179 qualis
1057 1157 1062 1163 .

54 1183 220 1251 ί11111111,
241 1183 302 1240 talis
321 1183 357 1240 ad
373 1183 500 1240 ultimum
516 1183 545 1240 in
563 1183 663 1240 liberos
680 1195 761 1240 esset.
801 1180 835 1238 In
851 1201 881 1239 sc
899 1183 988 1258 ipsum

54 1263 212 1338 ‘postremo
225 1259 403 1328 saeviturum,
420 1262 443 1318 si
460 1262 512 1319 alia
526 1263 625 1320 desint.
665 1260 724 1320 Sibi
737 1261 802 1319 verb
819 1272 927 1336 matum
941 1263 989 1319 ad·
1028 1305 1031 1312 .

55 1347 185 1398 ‘ventum
199 1340 262 1417 ejus
275 1360 352 1398 esse:
372 1341 550 1416 futurumque
564 1342 676 1399 credere
695 1340 780 1407 brevi,
801 1353 834 1398 ut
850 1339 898 1398 illo
910 1341 989 1418 adju-

54 1426 160 1488 ‘mnte,
174 1420 211 1478 ab
225 1421 312 1496 portis
326 1419 442 1478 Gabinis
455 1422 506 1478 sub
520 1421 646 1479 Romana
659 1421 767 1478 moenia
785 1419 888 1478 bellurn
903 1431 993 1479 nans-¹

54 1498 189 1557 ‘leratua'

87 1578 166 1636 LIV.
186 1577 258 1635 Inde
272 1578 301 1634 in
314 1577 430 1635 concilia
442 1577 553 1654 publica
565 1577 697 1636 adhiberi.
738 1577 806 1645 Ubi,
823 1597 909 1653 quum
930 1585 938 1613 ‘
952 1580 988 1637 de

55 1657 129 1714 ‘aliis
145 1658 231 1714 rebus
250 1657 383 1714 assentire
403 1677 432 1714 se
446 1657 583 1714 veteribus
596 1655 719 1732 Gabinis'
734 1656 846 1725 diceret,
868 1657 989 1731 ‘quibus

55 1742 62 1768 ‘
73 1734 121 1792 111
134 1736 258 1792 notiores
272 1734 381 1802 essent,’
394 1735 453 1812 ipse
466 1735 616 1794 identidem
632 1737 696 1794 belli
715 1747 811 1794 auctor
824 1755 893 1804 esse,
912 1737 939 1798 in
954 1757 988 1795 eo

55 1813 102 1870 abi
113 1815 291 1891 praecipuam
306 1814 480 1890 prudentiam
499 1834 646 1883 assumere,
668 1815 763 1890 ‘qubd
781 1815 925 1890 utriusque
938 1835 988 1892 po·

56 1894 129 1968 ‘puli
141 1893 215 1950 vires
228 1897 331 1962 nbsset,
348 1893 493 1968 sciretque,
514 1894 628 1951 invisam
641 1894 764 1971 prolectb
777 1895 931 1970 snperbiam
946 1913 988 1952 re·

57 1973 143 2046 ‘giam
156 1973 266 2030 civibus
282 1991 350 2039 esse,
372 1991 452 2046 qnam
466 1973 536 2030 ferre
549 1993 584 2030 ne
597 1973 675 2030 liberi
692 1973 803 2046 quidem
817 1972 989 2048 potuissent!

57 2047 96 2108 Ita
105 2070 190 2126 quum
205 2051 309 2108 sensim
321 2051 357 2108 ad
369 2051 555 2109 rebellandum
568 2053 700 2128 primores
711 2050 883 2108 Gabinorum
894 2051 990 2110 incita·

56 2141 102 2196 ι11,
112 2131 171 2206 ipse
185 2149 252 2188 cum
268 2129 478 2206 pmmptissimis
487 2129 621 2208 juvenum
631 2130 791 2206 praedatum
802 2139 885 2204 atque
898 2129 926 2184 in
940 2149 988 2186 ex·

58 2209 204 2282 peditiones
218 2209 279 2276 iret,
298 2220 327 2266 et
339 2209 420 2266 dictis
432 2209 565 2285 factisque
585 2207 713 2266 omnibus
732 2209 767 2265 ad
786 2207 934 2265 fallendum
948 2209 989 2266 iu·

57 2288 159 2346 structis
168 2307 241 2346 vana
250 2300 418 2346 accresceret
431 2288 529 2357 11111,
544 2291 602 2346 dux
613 2288 649 2346 ad
661 2287 789 2344 ultimum
803 2286 867 2344 belli
880 2287 988 2362 legitor.

57 2364 95 2422 lbi
106 2385 202 2442 quum,
221 2367 307 2424 inscii
319 2367 496 2426 multitudine
510 2368 576 2442 quid
589 2379 723 2443 ageretur,
738 2365 840 2442 proelia
853 2385 936 2443 parva
948 2368 990 2426 iu·

58 2454 94 2500 ter
104 2445 225 2504 Romam
240 2445 400 2528 Gabiosque
413 2446 517 2514 fierent,
539 2447 637 2522 quibus
650 2447 811 2524 plerumque
825 2445 934 2504 Gabina
946 2465 990 2504 res

58 2525 172 2598 superior
193 2537 286 2592 esset;
305 2537 365 2582 tum
386 2526 510 2592 certatim
531 2527 631 2582 summi
650 2525 791 2600 infimique
816 2524 987 2582 Gabinorum

59 2601 136 2661 ‘San
150 2603 335 2679 Tarquinium
348 2605 421 2661 dono
435 2603 530 2662 Delam
550 2605 602 2661 sibi
621 2605 734 2661 missum
749 2603 856 2661 ducern'
870 2605 991 2662 credere.
1108 2627 1109 2636 ¹

58 2673 254 2757 Apud‘r'nilites
267 2684 332 2740 verb
345 2683 474 2741 ob‘eundo
487 2683 607 2760 pericula
620 2703 653 2741 ac
669 2683 774 2741 labores
788 2681 897 2759 pariter,
911 2703 989 2760 prae·

58 2759 112 2818 dnm
124 2762 256 2819 munifice
270 2762 418 2838 largiendo,
432 2764 508 2821 tanti
521 2763 633 2820 caritate
643 2783 711 2829 esse,
725 2774 758 2819 ut
767 2781 822 2819 non
832 2773 910 2838 pater
921 2762 989 2820 Tar-

59 2839 157 2912 quinius
170 2841 312 2918 potentior
326 2841 441 2910 Romae,
463 2841 544 2916 quim
558 2843 630 2899 filius
644 2841 743 2900 Gabiis
761 2851 841 2898 esset.
881 2840 989 2918 Itaque,

57 2930 193 2996 postquam
208 2921 274 2976 satis
288 2919 388 2977 virium
408 2921 554 2978 collectum
572 2921 607 2978 ad
627 2940 722 2978 omnes
741 2931 855 2978 conatus
868 2920 989 2990 videbat,

57 3007 108 3053 turn
118 3019 133 3057 e
143 2999 201 3056 suis
212 3019 298 3056 unum
310 3000 478 3058 sciscitatum
490 3000 608 3058 Romam
618 3001 653 3058 ad
663 3011 768 3076 patrem
779 2999 873 3066 mittit,
889 3001 987 3077 ‘quid-

58 3080 133 3136 ‘nam
146 3099 177 3136 se
189 3079 281 3136 facere
293 3079 397 3136 vellet?
418 3080 649 3155 quandoquidem,
663 3090 695 3136 ut
705 3077 797 3135 omnia
810 3098 880 3134 unna
892 3079 990 3138 Gabiis

58 3159 172 3230 'posset
185 3155 233 3215 ei³
254 3156 306 3214 Dii
318 3157 474 3217 dedissent!
515 3158 594 3218 Huic
606 3157 716 3227 nuncio,
736 3157 809 3232 quia,
827 3159 919 3229 credo,
938 3159 989 3218 du-

85 3296 247 3348 mauman
255 3299 346 3346 bellam
377 3297 439 3345 'Ibat
448 3299 487 3346 the
495 3313 544 3346 war
552 3297 610 3346 with
619 3299 684 3346 them
693 3295 742 3344 still
750 3297 830 3346 exista.
899 3295 994 3350 ''Fidea

56 3379 116 3414 aruo.
154 3365 179 3414 A
190 3363 333 3418 conlidencs
344 3365 434 3428 arisiug
445 3366 509 3414 from
521 3366 580 3413 false
589 3380 754 3426 appeurances.
845 3365 855 3394 ¹
870 3369 912 3415 Ei.
938 3369 990 3416 The

56 3431 130 3480 rader
137 3447 194 3494 moy
203 3433 261 3478 bere
269 3433 299 3479 be
311 3431 444 3491 raminded‚
456 3433 507 3482 that
518 3434 558 3480 the
567 3447 678 3493 prououn
690 3435 727 3481 mi
737 3431 758 3478 is
769 3431 828 3478 used
840 3431 864 3476 in
878 3433 917 3478 the
928 3431 992 3477 indi.

56 3509 99 3548 nst
114 3499 178 3546 form
190 3499 262 3546 when
278 3499 373 3560 applied
390 3509 415 3548 to
432 3501 472 3547 tbe
489 3499 622 3548 individua]
633 3500 713 3546 whose
723 3497 802 3545 words
812 3511 840 3544 or
850 3495 992 3544 sentimenta

56 3566 91 3614 tbs
100 3569 187 3615 author
203 3566 225 3613 is
240 3568 372 3630 reporting.
409 3569 441 3616 la
458 3567 504 3614 this
520 3581 574 3616 ease
585 3567 639 3628 why
650 3573 694 3612 not
709 3567 771 3614 sibi?
790 3565 825 3618 Aa
835 3578 859 3612 ae
870 3563 993 3611 occursio

498 3651 517 3692 F
