2224 3862
451 197 577 260 LIBER
597 201 652 260 111.
961 205 1024 266 ¹199

86 357 282 434 sponsoresque
296 359 393 426 deren
409 370 492 436 atque
513 368 520 396 ¹
534 360 562 418 id
575 361 666 438 ipsum
679 358 732 436 agi’
746 359 850 420 diceret
862 361 965 433 Icilius,
977 359 1022 424 se·

83 437 145 494 dolo
158 449 269 514 tempus
282 452 385 506 terens,
400 439 465 496 dum
479 440 728 518 praeciperentiter
738 441 830 498 nuncii
841 443 951 500 missiin
962 463 1022 504 cas·

79 528 130 584 tra,
144 535 243 574 manus
256 517 357 574 tollere
371 520 492 594 undique
505 520 662 586 multitudo,
683 532 712 576 et
724 539 754 576 se
767 521 882 595 quiaque
896 535 1021 598 paratum

80 595 116 651 nd
124 597 323 671 spondendum
338 595 417 654 Icilio
431 600 584 656 ostendere.
625 601 721 674 Atque
735 599 780 655 ille
793 599 1021 671 lacrimabundus,

86 673 225 732 ‘Gratum
236 675 297 743 est,’
308 676 413 751 iuquit;
435 686 443 712 ⁴
458 677 628 736 crastiuadie
638 678 819 754 vestriuopert
828 693 898 738 utar.
932 681 1022 756 Spon-

0 804 1 827 ζ
84 759 198 814 Ιιιιιίιιιι
219 775 294 814 nunc
314 757 380 814 satis
394 756 453 814 est’
494 758 538 816 lta
551 758 704 816 vindicatur
720 757 849 832 Virginios,
863 762 1022 836 spondenti·

0 836 1 839 ’
81 833 130 888 bns
158 835 330 910 propinquis.
379 837 498 912 Appius,
519 837 666 914 paullisper
685 851 815 902 moratus,
836 857 871 895 ne
897 839 957 914 ejus
981 841 1023 898 re'i

75 912 164 970 causa
182 915 288 971 sedisse
302 915 448 984 videretur,
469 931 623 992 postquam,
644 917 751 974 omissis
767 918 849 974 rebus
871 918 930 974 aliis
956 937 1021 995 prae

81 992 147 1048 cura
165 993 259 1060 unius,
279 1013 361 1051 nemo
380 996 481 1062 adibat,
499 997 612 1053 domum
626 1015 656 1053 se
674 995 793 1072 recepit:
814 996 979 1072 collegisque
990 999 1022 1058 in

81 1083 168 1128 castra
181 1072 287 1140 scribit,
303 1082 311 1108 ‘
324 1093 359 1131 ne
374 1075 500 1150 Virginio
513 1089 696 1133 commeatum
711 1075 786 1141 dent,
799 1088 882 1152 atque
896 1077 979 1134 etiam
992 1078 1022 1139 in

81 1152 230 1208 ‘custodiri
242 1151 377 1210 habeant!
417 1153 577 1232 Improbum
592 1154 736 1212 consilium
749 1173 850 1220 serum,
870 1166 902 1212 ut
915 1155 1021 1225 debuit,

79 1228 150 1287 tuiti
167 1244 202 1290 et
211 1231 271 1306 jam
286 1247 443 1290 commeatu
456 1248 568 1311 sumpto
581 1234 720 1311 profectus
729 1233 869 1309 Virginius
882 1235 970 1312 primis
981 1235 1021 1292 vi·

1 1335 2 1364 1
80 1309 145 1384 gitta
168 1323 237 1378 erat,
260 1331 345 1387 quun
366 1325 476 1388 postero
497 1315 542 1370 die
562 1333 642 1371 mene
656 1314 691 1372 de
704 1313 848 1371 retinendo
861 1334 895 1372 eo
907 1314 1020 1389 nequic-

1 1391 2 1416 l
79 1407 160 1463 ιῙιιιιιιι
171 1389 270 1448 literae
283 1393 443 1449 redduntur.

1 1455 2 1477 ¹
117 1467 245 1526 XLVII.
267 1471 310 1528 At
328 1473 356 1528 in
376 1472 445 1529 urbe
465 1472 553 1548 primis
568 1472 638 1538 luce,
651 1491 736 1548 quum
750 1471 846 1530 ciritae
859 1472 887 1530 in
901 1473 960 1532 l'oro
973 1493 1020 1534 ex·

81 1549 254 1622 spectatione
273 1563 365 1608 erecta
384 1551 633 1626 staret‚‘Virginius
650 1551 825 1612 sordidatus¹
846 1553 928 1610 filiam
942 1573 1021 1612 suam

81 1627 206 1685 obsoleta
218 1642 305 1696 veste,
320 1631 513 1688 comitantibus
523 1632 626 1707 aliquot
638 1629 775 1698 matronis,
784 1651 848 1690 cum
859 1631 963 1708 ingenti
973 1633 1021 1692 ad·

1 1771 2 1788 2
80 1709 224 1765 vocatione
238 1708 266 1765 iu
281 1710 369 1766 forum
385 1711 498 1768 deducit
507 1710 527 1767 ².
568 1711 720 1768 Circumire
738 1710 776 1768 ibi
789 1724 818 1768 et
831 1731 959 1788 prensare
972 1711 1021 1770 ho·

1 1819 2 1826 1
81 1786 165 1844 mines
187 1788 296 1864 coepit;
318 1802 347 1846 et
363 1809 417 1846 non
436 1809 513 1847 orare
533 1790 620 1846 solum
634 1790 782 1866 precariam
797 1809 887 1866 opem,
908 1792 957 1848 sed
971 1811 1021 1867 pro

1 1909 2 1912 ,
81 1865 170 1924 debita
189 1881 295 1944 petere,
317 1868 376 1926 ‘Se
393 1887 443 1944 pro
457 1869 548 1926 liberis
562 1889 656 1926 eorum
671 1889 704 1926 ac
717 1867 879 1945 conjugibus
896 1871 1020 1944 quotidie

80 1951 89 1978 ¹
101 1945 128 2002 in
136 1947 199 2005 acie
209 1959 283 2004 stare
293 1967 301 2004 ι
315 1965 367 2004 nec
375 1949 458 2004 alium
469 1950 554 2004 virum
567 1968 635 2015 esse,
646 1947 725 2023 cujus
733 1951 844 2005 strenue
853 1968 886 2006 ac
894 1949 1021 2008 ferociter

75 2031 88 2058 “
100 2025 173 2084 iacto
194 2027 222 2083 in
244 2027 316 2083 bello
333 2027 412 2104 plura
432 2028 575 2085 memorari
589 2039 710 2103 possent.
744 2027 819 2090 Quid
834 2028 971 2102 prodesse.
984 2027 1019 2096 si,

80 2105 233 2164 ‘incolumi
253 2107 331 2172 urhe,
351 2127 430 2183 quae,
451 2107 539 2183 captis,
560 2107 657 2162 ultima
675 2105 833 2172 timeantur,
850 2105 942 2163 liberis
962 2105 1019 2166 suis

80 2185 155 2243 ‘sint
175 2186 307 2262 patienda
315 2185 338 2242 θ’
379 2186 459 2244 Haec
519 2205 571 2262 ope
598 2183 838 2243 concionabundur
858 2184 1020 2243 circumibat

78 2261 215 2322 homines.-
256 2265 362 2322 Similia
375 2264 417 2322 his
431 2267 465 2324 ab
495 2265 557 2322 cilio
565 2263 749 2341 jactabantur.
783 2263 939 2322 Comitatus
959 2285 1019 2322 ruu-

77 2343 169 2402 liebria
190 2344 254 2421 plus
272 2345 356 2401 tacito
370 2345 445 2412 fletu,
460 2344 541 2420 qnam
556 2345 610 2402 ulla
624 2363 686 2410 vox,
700 2344 836 2401 movebat.
876 2345 1020 2402 Adversus

78 2443 146 2498 quae
168 2425 263 2482 omnia
281 2423 419 2481 obstinato
431 2425 523 2482 animo
537 2424 648 2500 Appius
666 2424 759 2498 (tauta
771 2423 812 2480 vis
825 2423 960 2482 amentiae
973 2445 1020 2482 ve·

79 2504 140 2571 rirls,
155 2503 241 2579 quam
255 2504 365 2572 amoris,
380 2517 500 2561 mentem
515 2503 687 2578 turbaverat)
702 2503 730 2559 in
744 2503 861 2560 tribunal
880 2504 1019 2560 ascendit:

73 2595 113 2648 et.
130 2584 209 2640 ultro
230 2596 362 2658 querente
380 2603 468 2658 pauca
483 2583 610 2659 petitore,
626 2583 718 2659 ‘quhd
736 2580 784 2658 jus
799 2583 851 2639 sibi
869 2581 956 2657 pridie
970 2601 1020 2658 per

78 2670 85 2696 ⁸
99 2661 304 2720 ambitionem³
325 2663 429 2719 dictum
444 2683 498 2719 uon
512 2661 601 2730 esset’
620 2662 695 2738 priris
708 2661 789 2735 quam
805 2673 853 2718 aut
865 2661 912 2719 ille
925 2673 1020 2738 postu·

77 2742 163 2799 latum
179 2754 333 2818 perageret,
347 2755 396 2799 aut
408 2741 536 2818 'Virginio
548 2741 731 2817 respondendi
742 2742 852 2798 daretur
862 2741 947 2810 locus,
960 2743 1021 2818 Ap·

76 2823 137 2898 pius
158 2821 313 2878 interfatur.
355 2819 445 2884 Quem
467 2823 578 2879 decreto
591 2840 745 2878 sermonem
759 2821 952 2896 praetenderit,
966 2821 1020 2880 for·

75 2920 122 2958 sau
136 2901 262 2975 aliquem
275 2921 369 2958 rerum
388 2913 513 2958 auctores
524 2901 628 2976 antiqui
638 2899 800 2956 tradiderint
811 2897 833 2954 ⁴.
873 2898 947 2963 Quia
956 2919 1020 2960 nua-

75 2999 157 3054 quam
180 2979 269 3037 ullum
291 2981 319 3036 in
336 2981 412 3038 tanta
430 2981 561 3038 foeditate
581 2979 685 3038 decreti
700 2978 872 3036 verisimilem
891 2979 1020 3046 invenior

74 3061 110 3126 id,
120 3060 199 3136 quod
208 3071 325 3126 constat,
340 3061 443 3116 nudum
453 3061 562 3116 videtur
575 3059 792 3136 proponendum,
808 3066 815 3094 ‘
829 3059 954 3116 decresse
963 3059 1021 3116 ria·

76 3140 184 3198 ‘dicias
204 3140 357 3196 secundum
378 3137 556 3196 servitutem?
592 3134 686 3196 Primi)
709 3150 806 3213 stupor
823 3157 918 3194 omnes
932 3137 1020 3195 admi»

75 3220 206 3277 ‘ratione
225 3218 267 3275 rei
283 3232 340 3276 tam
354 3219 454 3276 atrocis
467 3217 572 3276 defixit.
614 3217 759 3275 Silentium
773 3217 838 3274 inde
851 3217 1020 3291 aliquamdiu

110 3332 117 3362 ¹
138 3333 222 3392 seep.
239 3331 293 3389 ree,
306 3333 398 3382 noue.
483 3331 493 3360 ²
512 3331 590 3392 seep.
607 3329 664 3388 ιιι,Ι
678 3339 734 3376 110oe
746 3329 769 3377 5.
856 3329 866 3357 ⁸
885 3331 931 3376 ner
946 3313 1021 3376 imu-

72 3405 169 3456 ιίοιιειιι,
188 3401 295 3461 through
307 3400 428 3460 improper
442 3399 572 3460 partialitp.
658 3398 668 3427 ⁴
687 3401 768 3452 Queat,
781 3397 824 3442 dre.
863 3394 968 3452 Perhaps
980 3395 1020 3440 the

73 3467 170 3516 ancient
180 3466 308 3514 historiens
319 3483 372 3528 may
380 3469 439 3512 hnre
450 3465 564 3515 recorded
576 3480 641 3512 some
652 3462 770 3525 plausible
779 3457 949 3516 introduction,
962 3459 1019 3505 with

74 3535 152 3582 which
164 3535 196 3581 he
209 3534 319 3594 prefaced
331 3534 368 3582 his
379 3533 471 3582 decree.
809 3558 811 3562 -
908 3541 910 3544 ·
