2262 3858
456 249 580 308 LIBER
601 249 637 308 V.
951 255 1008 312 313
1077 299 1081 306 .

71 409 173 474 femena
182 409 294 484 qanne
308 407 362 466 alia
373 407 448 465 urbis
461 408 557 466 videri.
585 407 717 466 Omnium
728 408 846 486 primirnt
855 409 884 468 in
894 428 950 478 eos,
960 412 1009 486 qui

70 487 173 564 aVejis
192 489 221 544 in
241 489 290 545 illo
309 507 410 564 pavore
423 488 558 562 fugerant,
577 509 653 545 more
667 488 777 546 militari
789 490 982 550 animadvertit
990 491 1009 562 ¹,

11 604 12 629 r
71 567 220 642 effecitque,
237 587 272 624 ne
286 565 373 624 hostis
388 567 507 624 maxime
519 567 658 626 timendus
672 567 753 624 militi
766 581 847 626 esset.
888 569 1009 640 Deinde,

10 671 11 702 r
70 648 169 705 indicto
183 647 295 704 delectu
308 647 335 702 in
351 647 424 704 diem
439 659 552 714 certam,
566 647 625 721 ipae
638 647 748 704 interim
764 646 848 723 Vejos
861 649 896 705 ad
910 651 1009 708 confir·

10 783 11 802 ,
69 728 180 784 mandes
192 727 314 783 militum
328 726 433 782 animos
446 727 618 784 intercurrit:
638 726 702 784 inde
717 727 835 784 Romam
847 728 881 784 ad
890 729 1010 788 scriben-

10 835 11 887 ζ
69 807 128 862 dant
157 825 263 864 novum
291 805 442 862 exercitum
469 805 549 871 redit,
576 806 651 862 nullo
678 806 848 864 detrectante
875 808 1010 866 militiam.

9 951 10 958 χ
69 885 217 961 Peregrina
237 885 320 942 etiarn
336 883 477 961 juventus,
498 883 592 941 Latini
613 885 793 960 Hernicique,
808 905 918 962 operam
933 908 1010 946 auam

69 966 228 1040 pollicentes
241 965 277 1021 ad
290 964 319 1020 id
333 965 443 1030 bellum,
458 983 573 1022 venere:
594 965 692 1039 quibus
707 985 791 1040 quum
806 966 905 1039 gratias
919 965 948 1022 in
968 987 1011 1026 se·

68 1057 129 1102 natu
144 1044 250 1120 egisset
263 1044 390 1112 dictator,
405 1043 470 1102 satis
478 1041 538 1118 jam
553 1043 681 1100 omnibus
694 1045 728 1100 ad
743 1045 771 1101 id
786 1045 887 1102 bellurn
901 1047 1011 1121 paratis,

9 1165 10 1192 ,
69 1125 169 1182 ‘ludos
190 1123 327 1198 magnoe²
345 1143 379 1180 ex
399 1123 511 1180 senatis
525 1122 658 1180 consulto'
670 1123 746 1180 vovit
767 1130 775 1156 ‘
791 1123 866 1201 Vejis
880 1125 967 1200 captis
981 1145 1013 1182 se

8 1205 10 1248 i
68 1204 244 1268 ‘facturum
264 1203 415 1278 aedemque
437 1202 565 1260 Matutae
581 1201 696 1258 matris³
716 1203 846 1260 refectam
867 1203 1012 1262 dedicatu-

8 1295 10 1362 ξ
71 1291 162 1349 ‘rum,
178 1282 238 1359 jam
260 1285 323 1339 autb
344 1283 377 1338 ab
397 1299 462 1356 rege
476 1281 535 1338 Ser.
550 1280 643 1338 Tullio
657 1281 829 1340 dedicatam?
868 1282 1014 1342 Profectus

67 1381 126 1420 cnm
142 1362 270 1420 exercitu
283 1362 317 1418 ab
332 1363 400 1418 urbe
414 1361 618 1437 exspectatione
632 1359 774 1418 bominum
796 1362 907 1440 majore,
929 1362 1012 1438 quim

8 1439 9 1444 '
68 1461 113 1518 spe
124 1441 149 1510 ⁴,
165 1442 194 1497 in
209 1460 274 1515 agro
288 1439 406 1517 primirm
422 1439 564 1516 Nepesino
578 1460 640 1498 cum
657 1439 769 1498 Faliscis
782 1453 811 1499 et
826 1441 1014 1518 Capenatibus

67 1523 143 1597 signa
164 1521 279 1578 confert.
322 1519 424 1577 Omnia
443 1519 611 1576 ibi-summit
631 1521 735 1577 ratione
756 1521 924 1598 consilioque
951 1537 1014 1581 acta

9 1597 10 1602 '
67 1602 176 1658 lortuna
198 1600 291 1666 etiam,
312 1611 344 1656 ut
357 1599 397 1666 fit,
418 1612 513 1658 secuta
533 1611 584 1656 est.
625 1599 691 1656 Non
704 1601 808 1676 proelio
821 1602 927 1659 tantim
941 1601 1015 1660 ludit

67 1679 168 1746 hostes,
191 1681 241 1736 sed
262 1678 357 1736 castris
370 1674 481 1753 qubque
499 1679 584 1746 exuit,
599 1678 758 1755 ingentique
771 1682 873 1756 praedit
886 1693 928 1738 est
942 1683 1015 1759 poti·

67 1773 129 1827 tus;
149 1759 232 1836 cujus
247 1778 310 1834 pare
323 1759 443 1816 maxima
456 1759 491 1815 ad
503 1770 676 1834 quaestorem
690 1760 802 1817 redacta
815 1773 875 1818 est:
892 1759 966 1820 hand
976 1763 1015 1819 ita

67 1839 188 1896 maltum
204 1837 284 1894 militi
298 1836 402 1894 datum.
442 1837 559 1895 Indead
574 1838 658 1915 Vejoa
672 1839 809 1896 exercitus
823 1841 932 1910 ductus,
947 1841 1016 1898 den·

67 1919 195 1994 sioraque
217 1917 329 1976 castella
348 1917 437 1983 faota;
457 1928 486 1974 et
505 1936 522 1974 a
541 1917 801 1992 procursationibus,
822 1937 893 1993 quae
911 1919 1015 1978 multae

68 2011 173 2056 temere
188 1997 261 2054 inter
274 2015 382 2052 murum
397 2015 429 2052 ac
443 1995 543 2053 vallum
557 1995 667 2063 fiebant,
676 1995 778 2064 edicto,
790 2016 825 2053 ne
836 1997 897 2071 quis
907 1996 1015 2074 injussu

67 2089 214 2153 pugnaret,
235 2076 271 2134 ad
291 2095 360 2151 opus
381 2075 481 2132 milites
502 2075 629 2132 traducti.
671 2074 796 2149 Operum
816 2075 869 2132 fuit
892 2077 1017 2134 omnium

68 2158 150 2232 longe
164 2157 318 2213 maximum
332 2174 365 2212 ac
377 2153 629 2222 laboriosissimum,
650 2154 793 2211 cuniculus
807 2154 834 2210 in
849 2174 940 2213 arcem
953 2154 1016 2214 hos-

69 2237 138 2293 tiurn
160 2236 207 2312 agi
227 2247 351 2310 coeptus.
392 2234 476 2298 Quod
496 2253 532 2290 ne
552 2233 780 2290 intermitteretur
799 2253 878 2310 opus,
894 2253 951 2293 nen
965 2237 1016 2293 sub

69 2317 141 2373 terrie
161 2315 311 2374 continuus
331 2314 408 2370 labor
421 2313 532 2370 eosdem
547 2313 703 2381 conficeret,
717 2313 744 2370 in
759 2326 850 2390 partes
863 2335 912 2372 rex
925 2316 1017 2372 mnni-

68 2407 160 2452 torum
171 2413 318 2452 numerum
328 2392 429 2450 divisit.
452 2391 540 2450 Senae
548 2391 630 2449 horae
640 2392 668 2449 in
677 2393 771 2450 orbem
782 2393 858 2470 operi
868 2395 1017 2454 attributae

69 2487 151 2532 eunt:
174 2487 258 2532 nocte
278 2493 310 2530 ac
330 2473 375 2534 die
394 2491 535 2547 nunquam
553 2473 617 2530 ante
631 2472 772 2542 omissum,
786 2471 868 2549 quim
883 2475 912 2531 in
925 2493 1017 2534 arcem

68 2555 140 2611 viam
155 2554 288 2611 iacerent.
764 2609 766 2614 .

108 2632 178 2690 XX.
200 2633 338 2698 Dictator,
362 2651 447 2706 quum
464 2630 523 2708 jam
551 2631 580 2690 in
602 2631 728 2692 manibus
748 2631 854 2690 videret
875 2631 1018 2691 victoriam

69 2733 140 2781 esse,
161 2713 259 2770 urbem
281 2711 516 2788 opulentissimam
534 2711 603 2787 capi,
625 2723 787 2788 tantumque
810 2712 927 2786 praedae
950 2715 1039 2781 fore,‘

69 2804 207 2868 quantum
229 2811 285 2848 non
305 2791 432 2848 omnibns
452 2791 480 2846 in
500 2810 587 2847 unum
607 2791 711 2848 collatis
732 2793 796 2848 ante
815 2791 893 2852 bellis
906 2792 1020 2861 fuisset;

69 2891 106 2929 ne
120 2890 205 2946 quam
226 2871 291 2928 inde
311 2882 360 2927 aut
379 2870 498 2926 militum
511 2871 580 2927 iram
594 2889 630 2926 ex
643 2869 814 2945 malignitate
827 2871 944 2946 praedae
958 2893 1020 2950 par·

70 2951 149 3017 titae,
164 2962 214 3007 aut
226 2950 356 3007 invidiam
371 2950 445 3024 apud
459 2949 556 3006 Patrae
570 2967 605 3006 ex
619 2949 733 3025 prodigi
746 2949 889 3024 largitione
900 2966 1020 3029 caperet,

69 3029 168 3089 literas
188 3030 224 3086 ad
243 3042 368 3088 senatum
383 3029 474 3086 misit:
496 3028 613 3086 ‘Derim
628 3028 825 3086 immortalium
838 3030 1018 3107 benignitate,

107 3177 114 3206 ¹
135 3177 257 3240 Probably
269 3181 399 3233 decimatio,
419 3175 536 3239 selecting
546 3177 578 3238 by
589 3175 624 3224 lot
635 3189 706 3238 every
718 3176 786 3223 tenth
803 3191 859 3224 man
872 3177 1022 3238 sor‘punish.

71 3256 149 3296 ment.
227 3241 237 3270 ²
256 3247 300 3294 See
318 3261 342 3306 p.
364 3245 419 3303 110,
437 3254 493 3292 note
513 3243 534 3292 1.
573 3245 625 3292 The
643 3259 725 3306 gemes
742 3244 825 3292 vowed
843 3245 942 3308 (votivi)
961 3264 1023 3296 were

75 3313 212 3363 celebrated
232 3329 264 3360 on
282 3329 315 3360 no
333 3312 398 3360 fixed
413 3311 468 3374 day,
485 3311 533 3360 and
551 3321 577 3359 to
596 3312 692 3373 Jupiter
709 3312 775 3374 only.
845 3311 970 3367 'Quoted
984 3318 1024 3378 ¹hy

78 3381 168 3436 Stroth,
184 3381 272 3437 Quid?
292 3382 346 3438 Ino,
368 3379 453 3429 Cadmi
465 3379 523 3434 lilia,
535 3395 616 3426 nonne
629 3379 769 3427 Leucothoe
780 3377 903 3425 nominata
919 3393 934 3426 a
948 3382 1023 3429 Grae.

78 3448 120 3508 cis,
135 3451 234 3498 Matuta
244 3451 346 3498 habetur
357 3463 372 3495 a
382 3447 487 3494 nostris?
506 3447 599 3503 Cicero,
613 3448 686 3494 Tusa.
704 3447 803 3502 Quaest.
820 3445 841 3492 Ι.
857 3445 894 3491 12.
956 3447 965 3475 ⁴
973 3451 1024 3497 ΕΞ.

80 3521 233 3579 rpectatione,
244 3517 288 3564 bc.
326 3516 394 3562 With
409 3514 532 3562 confident
542 3515 705 3575 expectatione
715 3528 746 3560 on
756 3514 796 3560 the
807 3519 860 3572 part
868 3510 897 3559 of
904 3511 941 3560 his
950 3529 1025 3564 coun.

79 3594 186 3648 trymen,
198 3585 277 3632 rather
287 3585 344 3632 than
354 3583 439 3644 simple
450 3583 518 3644 hope.

537 3651 590 3706 21>
