2224 3862
432 231 556 292 LIBER
577 229 628 290 IV.

356 499 480 560 LIBER
502 497 707 566 QUARTUS.

441 657 620 709 EPITOME.

4 825 5 866 t
93 794 115 864 I,
129 797 182 852 &a
206 793 304 852 LEX
313 791 348 849 de
360 792 496 851 connubio
510 793 633 852 Petrum
647 801 673 850 et
681 791 773 871 plebis
786 811 804 849 a
818 791 937 852 tribunis
940 793 1001 874 ple·

4 871 7 884 '
60 871 95 930 bis
112 871 292 931 contentione
312 871 422 950 magud,
438 872 575 930 Patribus
589 870 816 950 repugnantibus,
827 871 940 950 perlata
954 882 1002 933 est.

61 951 105 1020 VI,
120 951 189 1009 v1-1.
213 950 336 1008 Tribuni
356 949 499 1008 militares.
540 951 657 1030 Aliquot
675 949 758 1007 aurcis
771 969 815 1008 res
830 950 930 1029 populi
947 953 1006 1011 Ros

60 1031 129 1088 nani
148 1029 230 1087 dorni
249 1028 418 1108 militiaeque
433 1049 487 1108 per
506 1028 557 1087 boc
573 1049 663 1108 genus
676 1025 857 1107 magistralis
870 1029 1003 1089 adminis-

59 1117 144 1167 tratae
158 1116 236 1166 sunt.
277 1109 359 1166 VIII.
380 1108 450 1166 Item
471 1127 595 1166 censores
614 1118 680 1166 tunc
691 1104 813 1185 primurn
830 1109 918 1166 creati
930 1119 1003 1168 sunt.

61 1187 107 1244 XI.
128 1189 214 1264 Ager
229 1187 400 1246 Ardeatibus
409 1187 509 1266 populi
522 1185 762 1264 Romanijudicio
775 1185 894 1256 ablatus,
915 1188 1005 1246 missis

61 1266 86 1321 iu
102 1285 167 1324 eum
188 1263 305 1333 calonis,
327 1265 469 1323 restitrdus
481 1274 530 1323 est.
571 1267 637 1333 XII,
653 1266 736 1334 XIII,
751 1266 802 1324 &a
826 1265 1006 1344 Qnumsame

57 1344 176 1423 populus
193 1343 337 1402 Romanas
357 1344 506 1412 laboraret,
530 1346 578 1421 Sp.
598 1342 735 1412 Maelius,
756 1363 837 1422 eques
850 1346 1004 1416 Romanus,

51 1425 232 1498 frumentum
243 1422 347 1500 popula
359 1422 411 1480 sud
425 1422 547 1502 impensi
557 1423 678 1502 largitus
685 1432 724 1481 est
736 1445 747 1480 .·
767 1432 803 1492 et,
814 1423 847 1482 ab
857 1424 889 1482 id
888 1426 1006 1502 fletum

61 1499 209 1560 conciliati
229 1499 283 1558 sibi
299 1500 386 1580 plebe,
407 1521 521 1580 regnum
535 1503 698 1580 effctansa
716 1503 748 1561 C.
765 1501 885 1560 Seruilio
901 1501 1005 1574 Ababa,

61 1581 196 1656 magistro
217 1579 349 1656 consitum,
360 1583 448 1658 jussu
471 1580 597 1648 Quinctii
620 1580 782 1639 Cincinnati
799 1581 943 1640 dictatoris
962 1603 1006 1641 oc·

62 1659 131 1716 cista
151 1667 203 1716 est.
245 1658 326 1716 XVI.
346 1661 383 1718 L.
405 1658 554 1718 Minucius
576 1659 660 1718 index
682 1659 749 1718 boae
767 1659 869 1718 aurati
888 1661 1007 1720 donatus

62 1745 109 1796 est.
149 1737 251 1806 XVII,
265 1737 376 1796 XVHI.
397 1738 514 1815 Legatis
527 1739 664 1796 Romanis
677 1759 694 1796 a
708 1738 891 1798 Fidenatibus
903 1738 1007 1810 accisis,

64 1815 195 1892 quoniam
211 1815 245 1873 ab
258 1815 451 1896 rempublicam
466 1816 657 1885 occubuerant,
671 1823 780 1874 statuae
792 1817 823 1874 in
837 1819 950 1876 Rostris
955 1841 1007 1898 po-

62 1895 131 1953 sitae
142 1903 222 1952 sunt.
262 1895 345 1965 XIX,
359 1895 425 1954 XX.
450 1895 552 1955 Cossus
567 1895 715 1954 Cornelius
733 1896 862 1954 tribunus
879 1895 1008 1968 militum,

64 1973 151 2032 accuso
174 1972 326 2032 Tolumnio
346 1993 409 2052 rege
428 1972 591 2052 Veientium,
610 1974 702 2051 opima
723 1972 812 2051 spolia
831 1973 951 2031 secunda
965 1996 1008 2034 re-

64 2050 137 2110 tulit.
172 2052 286 2112 XXIV.
301 2055 394 2112 Mam.
406 2051 544 2111 Aemilius
557 2052 685 2122 dictator,
699 2071 831 2109 censurae
838 2049 950 2122 bonore,
959 2055 1010 2134 qni

64 2141 146 2190 antea
157 2151 213 2210 per
226 2131 444 2210 quinquennium
454 2130 613 2210 gerebatur,
627 2131 696 2188 anni
709 2138 736 2187 et
747 2149 795 2188 seu
805 2129 938 2187 mensium
945 2153 1009 2211 spa·

65 2208 104 2266 tia
105 2211 210 2287 finito,
226 2209 260 2268 ob
273 2205 335 2268 eam
347 2230 404 2270 rem
417 2230 435 2268 a
449 2207 605 2268 censoribus
618 2217 730 2267 udatus
745 2217 794 2266 est.
833 2207 943 2279 XXXI,
958 2213 1009 2271 &ei

65 2287 208 2349 XXXIV.
229 2289 355 2348 Fidenae
367 2289 397 2346 in
406 2295 569 2366 patestatem
583 2289 719 2357 redactae,
733 2283 818 2365 abque
830 2286 921 2348 coloni
933 2291 1011 2350 missi

65 2377 139 2426 snut.
183 2367 293 2436 Quibus
313 2367 416 2436 accisus,
432 2367 589 2434 Fidenates,
604 2387 687 2446 quum
699 2367 869 2446 defecissent,
883 2387 901 2424 a
917 2369 1010 2428 Mum.

69 2445 192 2506 Aemilia
206 2447 343 2506 dictatore
355 2447 421 2505 uicti
434 2454 509 2514 sunt,
522 2455 548 2504 et
558 2445 684 2504 Fidenae
694 2455 798 2526 captae.
826 2447 918 2505 XLV.
936 2449 1010 2506 Con-

59 2525 173 2602 jurutio
193 2545 336 2586 seruorum
357 2545 486 2603 oppressa
506 2534 553 2584 est.
594 2524 702 2584 XLIX.
726 2527 760 2583 L.
775 2525 945 2596 Postumius,
959 2528 1011 2586 tri·

68 2603 159 2664 bunus
180 2603 311 2673 rnilitum,
329 2612 444 2682 propter
463 2603 652 2662 crudelitatem
665 2605 700 2663 ab
712 2605 833 2662 eaercitu
846 2604 949 2664 occisus
962 2616 1011 2665 est.

68 2683 148 2744 LIX.
173 2682 350 2760 Stipendium
363 2703 407 2742 ⁴ec
427 2683 540 2742 aerario
560 2691 618 2740 tum
627 2681 751 2761 primum
763 2681 899 2741 militibus
915 2684 1011 2742 datm

68 2773 115 2830 est.
157 2763 226 2830 LX,
240 2759 321 2820 LXI.
341 2762 399 2821 Res
413 2771 561 2839 praeterea
577 2771 671 2840 gestas
690 2761 821 2822 aduersus
848 2761 964 2834 Volscos,
986 2773 1013 2824 ct

69 2842 233 2910 Fidenates,
248 2850 274 2898 et
287 2841 421 2910 Faliscos,
435 2841 563 2898 continet.

219 2999 243 3056 Ι.
265 3000 332 3056 Hos
347 3001 435 3058 secuti
448 2998 492 3055 M.
506 2999 649 3058 Genucius
664 3011 692 3057 et
707 3000 739 3058 C.
752 2999 866 3058 Curtius
880 3004 1015 3062 consultu.

71 3082 96 3119 u.
110 3085 134 3120 ⁰·
178 3078 245 3136 Fuit
258 3098 346 3136 annus
360 3080 436 3136 domi
451 3080 571 3153 forisque
584 3079 707 3137 infestus.
749 3079 823 3138 Num
836 3082 900 3138 anni
914 3084 1014 3159 princi·

71 3139 129 3188 ³¹⁰·
178 3160 226 3236 pio
240 3171 269 3216 et
282 3159 317 3216 de
331 3158 469 3218 connubio
484 3159 598 3216 Petrum
612 3171 640 3216 et
653 3159 741 3235 plebis
755 3160 788 3218 C.
804 3159 953 3220 Canuleius
967 3163 1016 3220 tri·

70 3241 165 3302 hunus
174 3239 264 3314 plebis
272 3237 459 3312 rogationem
470 3238 670 3314 promulgatum
684 3239 739 3313 qut
750 3245 757 3274 ‘
768 3241 946 3297 contaminari
954 3261 1016 3298 san-

71 3320 211 3396 ‘guiuem
225 3317 315 3375 suum’
329 3318 433 3387 Patres,
449 3324 457 3352 ‘
471 3317 656 3392 confundique
670 3317 735 3393 jusu
747 3319 871 3394 gentium
880 3319 900 3352 ’²’
919 3321 1018 3376 reban-

107 3479 115 3507 ¹
138 3479 220 3536 Scep.
237 3475 395 3530 134.nate2·
487 3471 576 3526 ‘Jura
590 3478 705 3536 gentium,
724 3473 891 3536 theutghtsof
904 3473 1014 3525 families.

72 3547 130 3594 'rue
148 3543 283 3593 eamdam
300 3559 368 3598 uere,
387 3543 518 3605 (probably
536 3542 574 3588 sor
590 3541 695 3602 politiccl
712 3540 829 3600 reasons,)
852 3537 948 3586 divided
965 3540 1017 3588 into

69 3624 163 3677 gentes,
182 3611 283 3674 bearing
299 3613 339 3659 the
351 3625 519 3667 camenarum,
532 3609 609 3658 which
618 3623 679 3656 were
691 3604 833 3656 subdivided
843 3603 1021 3670 intojbmitiaess
