2230 3846
442 224 566 286 LIBER
588 226 626 286 ΙΙ.
965 221 1005 278 93

69 385 225 452 termittens,
247 384 346 442 sedem
369 384 479 444 Castori
498 387 604 444 vovisse
627 387 729 444 fertur:
753 403 786 443 nc
810 383 1007 461 pronunciasse

67 465 139 521 militi
159 464 296 540 praemis,
313 465 361 539 qui
375 465 490 540 primus,
504 468 552 541 qni
565 466 712 533 secundus,
726 479 815 522 castra
828 462 947 520 hostiurn
965 463 1007 520 iu·

11 577 12 592 ι
67 545 166 601 uisset.
203 543 369 619 Tantusque
388 545 470 601 ordor
489 545 550 612 luit,
568 557 600 602 ut
613 545 710 602 eedem
725 544 841 619 impetu,
860 561 917 618 quo
928 541 1007 598 fuda-

10 645 11 686 ι
66 636 119 679 unt
132 622 256 689 hostem,
278 623 400 680 Romani
414 637 502 681 castra
515 637 654 700 caperent.
695 622 761 681 Hoc
775 622 858 679 modo
871 622 906 678 od
916 620 1007 678 lacum

67 701 203 776 Regillum
224 715 380 778 pugnatum
394 715 446 759 est.
485 702 615 761 Dictator
628 715 657 761 et
671 702 802 778 magister
819 701 942 776 equitum
957 698 1005 758 tri·

65 780 228 857 umplrsntes
243 780 272 836 in
287 783 381 838 urbem
397 782 511 840 redidre.
810 829 813 834 .

203 859 286 916 XXI.
301 859 435 917 Triennio
445 861 544 918 deinde
554 881 607 919 nec
617 872 692 918 certu
701 879 764 936 pax,
774 858 934 916 neclrellum
943 857 1005 914 fuit.

69 941 89 1006 l:
101 939 124 974 ⁰·
161 937 302 1021 Consules
316 939 352 1002 Q.
368 938 490 997 Cloelius
510 953 540 997 et
560 940 594 996 T.
608 939 720 998 Lartius
729 939 747 995 ¹.
781 938 851 995 luds
872 938 911 994 A.
926 937 1005 994 Sem·

64 995 115 1110 {3ss
160 1018 278 1093 pronius
299 1030 328 1074 et
347 1016 392 1074 M.
414 1017 562 1076 Minutius.
605 1019 659 1076 His
679 1017 838 1075 consulibus
853 1017 936 1082 aedes
956 1015 1005 1074 Su·

108 1093 115 1108 ’
161 1109 248 1153 turno
266 1096 411 1154 dedicata:
434 1098 589 1156 Saturnalia
602 1097 746 1154 institutus
758 1095 925 1154 lestus'dies.
968 1097 1006 1150 A.

65 1209 85 1244 ῃ,
97 1209 118 1245 0,
160 1175 264 1233 deindo
278 1176 436 1234 Postumius
445 1189 473 1233 et
484 1176 518 1233 T.
528 1176 670 1251 Virginius
679 1175 805 1234 consules
816 1175 890 1232 facti.
920 1171 1005 1230 ‘Hoc

65 1265 116 1312 tos,
161 1255 298 1311 ‘demum
320 1274 393 1312 anuo
413 1255 448 1312 sd
469 1256 609 1330 Regillum
630 1256 719 1313 lucum
743 1251 913 1330 pugnatum,’
930 1251 1006 1328 apud

64 1332 194 1405 quosdam
209 1333 338 1397 invenio;
358 1342 366 1368 ⁴
381 1335 419 1391 A.
436 1335 618 1402 Postumium,
632 1335 698 1410 quia
710 1334 815 1409 collega
831 1333 931 1390 dubiae
940 1329 1004 1388 fidei

65 1412 174 1478 ‘luerit‚
194 1432 227 1469 se
250 1411 395 1470 consulatu
418 1415 577 1481 abdirisse;
603 1415 765 1471 dictatorem
792 1412 856 1470 inde
883 1408 1004 1482 lactum!

63 1489 141 1547 Tanti
155 1511 263 1548 errores
277 1492 438 1568 implicant²
450 1504 616 1570 temporum,
626 1493 706 1550 aliter
715 1492 789 1569 apud
797 1492 864 1550 alios
872 1488 1005 1548 ordinatis

62 1570 275 1644 magistratibus,
289 1585 329 1638 ut,
344 1591 396 1628 nee
410 1572 457 1646 qui
471 1573 597 1630 consules
610 1571 784 1630 secundum³
799 1571 942 1647 quosdam,
951 1587 1003 1626 neo

62 1649 124 1722 quid
143 1669 257 1724 quoque
275 1669 348 1708 anno
361 1664 453 1708 actum
472 1651 517 1718 sit,
538 1652 565 1707 in
585 1652 662 1708 tantis
676 1663 820 1719 vetustate,
842 1668 897 1706 non
910 1666 1002 1706 rerum

159 1725 253 1795 modd,
265 1730 313 1786 sed
324 1730 407 1786 stium
416 1743 570 1795 auctorum,
579 1731 703 1805 digerere
712 1731 809 1806 possit.
850 1729 907 1804 Ap.
918 1727 1002 1785 Clau·

62 1807 84 1841 ¹¹·
98 1807 120 1843 ⁰·
159 1807 345 1865 diusdeinde
365 1820 395 1866 et
416 1810 446 1866 P.
470 1809 602 1866 Servilius
623 1811 748 1868 consules
767 1809 842 1867 lecti.
882 1806 1002 1882 Insignis

63 1862 116 1910 ²⁵⁹·
158 1885 205 1944 hic
219 1905 307 1944 annus
320 1899 364 1944 est
376 1887 479 1945 nuncio
500 1887 642 1963 Tarquinii
663 1888 768 1945 mortis.
805 1887 937 1946 Mortuus
958 1897 1001 1944 est

63 1963 163 2030 Cumis,
178 1961 235 2040 qud
249 1986 288 2032 se,
302 1980 365 2042 post
372 1967 473 2024 fractas
482 1987 550 2043 opes
560 1965 733 2033 Latinorum,
742 1967 778 2024 ad
790 1966 1000 2024 Aristodemum

61 2059 204 2116 tyrannum
218 2046 381 2103 contulerat.
410 2046 453 2102 Eo
466 2046 569 2103 nuncio
579 2047 664 2104 erecti
675 2046 779 2112 Patres,
791 2059 883 2102 erecta
896 2043 999 2118 plebes.

63 2120 114 2178 Sed
129 2123 259 2180 Patribus
279 2124 361 2181 nimis
377 2125 517 2182 luxuriosa
533 2145 567 2182 ea
584 2125 635 2182 fuit
655 2124 776 2181 laetitia:
797 2123 880 2199 plebi,
901 2120 947 2178 cni
964 2119 1000 2176 ad

62 2217 116 2256 eam
130 2202 205 2260 diem
220 2205 330 2260 summai
343 2223 396 2279 ops
409 2203 569 2260 inservitum
579 2217 638 2261 erat
647 2203 669 2271 ⁴,
683 2202 797 2279 injuriae
810 2200 1000 2278 aprimoribus
1028 2207 1030 2213 “

61 2279 114 2335 fieri
127 2301 254 2357 coepere.
296 2282 403 2340 Eodem
418 2303 491 2340 anno
506 2281 620 2358 Signia⁵
636 2283 751 2348 colonia,
769 2301 851 2356 quam
866 2300 914 2338 rex
929 2279 998 2336 Tur·

62 2359 164 2431 quinius
179 2361 343 2431 deduxerat,
363 2363 491 2438 suppleto
510 2381 625 2420 numero
646 2362 816 2430 colonorum,
837 2362 935 2418 iterum
951 2359 999 2415 de·

61 2435 137 2497 ducta
150 2452 203 2496 est.
245 2440 353 2498 Romae
367 2443 454 2498 tribus
467 2461 523 2498 unu
535 2455 565 2499 et
577 2441 673 2518 viginti
686 2441 782 2500 factae.
811 2441 906 2500 Aedes
921 2437 998 2496 Mer·

61 2518 123 2574 curii
135 2519 266 2577 dedicata
279 2533 322 2576 est
335 2519 432 2577 idibus
446 2520 540 2578 Maiis.

94 2596 192 2654 xxii.
214 2599 288 2656 Cum
299 2598 460 2656 Volscorum
475 2611 557 2674 gente
569 2601 670 2658 Latino
682 2600 755 2657 bello
768 2619 858 2675 neque
872 2618 935 2675 pax,
949 2615 997 2652 ue·

59 2694 106 2749 que
127 2678 232 2734 bellum
251 2678 349 2734 fuerat.
391 2680 466 2736 Nam
487 2693 515 2736 et
530 2679 624 2737 Volsci
644 2692 867 2755 comparaverant
887 2675 998 2742 surrilis,

59 2773 122 2828 quae
136 2757 283 2813 mitterent
296 2756 412 2823 Latinis,
430 2759 458 2814 ni
479 2772 645 2815 maturatum
666 2760 700 2815 ab
718 2759 852 2816 dictatore
870 2757 998 2814 Romano

58 2847 142 2898 esset:
166 2848 197 2892 et
218 2836 365 2893 maturarit
387 2837 538 2902 Romanus,
559 2858 593 2894 ne
611 2839 715 2913 proelio
734 2857 791 2894 uno
811 2856 875 2894 cum
895 2835 997 2893 Latino

58 2911 212 2988 Volscoque
226 2917 413 2973 contenderet.
441 2915 506 2973 Hae
519 2917 559 2972 ini
573 2917 698 2974 consules
712 2917 740 2972 in
755 2916 886 2972 Volscum
900 2932 997 2990 agrum

54 2990 175 3068 legiones
191 2995 306 3052 duxere.
347 2994 472 3063 Volscos,
493 2996 598 3052 consilii
618 3015 734 3072 poenam
755 3013 810 3052 uon
830 3008 996 3062 metuentes,

85 3104 92 3134 ¹
110 3106 156 3153 See
168 3121 193 3167 p.
208 3105 250 3164 90,
269 3116 326 3154 note
337 3105 362 3156 3.
429 3107 439 3136 ¹
458 3111 593 3170 Impla'cunt,
610 3109 698 3170 supply
716 3107 863 3169 scriptorem,
881 3107 995 3170 entungle

53 3185 80 3218 tn
93 3173 219 3221 historiari.
290 3174 459 3230 ‘dicundum
474 3175 542 3223 alter.
620 3176 630 3204 ⁴
650 3176 782 3238 Dionysius
799 3186 905 3225 narrates
921 3191 995 3238 many

52 3253 131 3288 causes
143 3242 174 3288 ol
185 3241 329 3296 discontent,
342 3258 374 3290 on
386 3243 427 3289 the
438 3253 491 3303 part
501 3243 530 3290 of
544 3245 584 3290 the
595 3242 724 3304 plebeiam,
741 3260 767 3290 ss
778 3244 867 3308 having
878 3243 995 3292 occurred

52 3308 130 3356 before
141 3309 191 3355 this
203 3309 294 3370 period.
326 3309 351 3357 lt
362 3310 382 3356 is
394 3309 513 3372 probabis.
527 3312 645 3366 however,
657 3313 708 3358 that
721 3311 782 3372 Livy
794 3311 814 3357 is
825 3327 893 3359 more
903 3320 994 3358 correct

51 3375 74 3420 iu
91 3375 128 3423 his
145 3386 283 3424 statement.
334 3378 430 3439 During
446 3379 486 3424 tlte
504 3378 604 3425 lifetime
621 3379 649 3424 of
663 3380 703 3425 the
720 3379 787 3440 king.
804 3379 870 3426 those
887 3377 994 3436 politiesl

49 3452 132 3490 atorms
144 3443 219 3490 could
231 3443 315 3506 hardly
327 3445 386 3491 have
398 3444 520 3496 occurred.
540 3446 617 3491 which
628 3444 767 3492 afterwards
779 3439 858 3504 raged.
876 3457 902 3488 us
914 3441 933 3486 it
945 3452 995 3488 was

50 3511 87 3556 the
98 3510 244 3558 undoubted
256 3511 354 3558 interest
365 3511 394 3558 os
402 3513 442 3558 the
453 3511 600 3560 aristocratic
612 3521 679 3572 party
692 3522 717 3557 to
730 3525 824 3558 remum
836 3507 867 3554 all
879 3507 956 3553 desire
967 3508 997 3554 of

48 3591 61 3622 a
72 3577 215 3626 restoration
227 3577 256 3626 ui
264 3580 304 3626 tlte
316 3578 401 3642 kingly
413 3593 502 3640 power.
569 3579 579 3608 ⁸
597 3579 642 3626 See
653 3579 675 3629 1.
691 3578 732 3625 56.
