2232 3862
113 193 152 248 70
481 191 515 250 Τ.
536 191 635 252 LIVII

110 344 209 415 scribsi,
230 364 309 424 quem
322 365 413 437 regem
432 367 489 408 esse
526 347 631 419 utabut,
651 345 866 426 comprobemus,
886 348 1052 428 impositam

112 423 249 483 altaribus
261 443 381 494 manum,
400 445 432 486 m
445 427 495 506 qui
512 447 544 484 us
562 427 747 506 sacrificatum
766 435 835 496 erat,
855 428 935 486 esuri
944 448 1053 506 passus

110 511 173 569 est,-
193 500 325 580 diaitque,
336 503 405 564 tales
417 514 550 564 trecentos
559 523 615 564 esse
624 503 782 582 conjuratos
791 503 821 562 in
831 513 946 564 mortem
956 507 1052 586 ipsius

110 580 193 659 regis.
236 581 360 649 Quorum
376 583 560 643 admiratione
578 591 686 642 coactus
705 581 835 642 Porsena
851 583 930 663 pacis
950 584 1053 644 condi·

111 664 199 718 tiones
206 662 304 736 serre,
324 658 421 719 bellum
441 661 542 731 omisit,
562 660 679 740 acceptis
700 659 845 722 obsidibus.
885 663 969 721 XIII.
995 665 1049 723 Ea

110 737 210 816 quibus
224 737 304 815 uirgo
324 758 381 796 una
405 737 522 808 Cloelia,
540 738 658 817 deceptis
669 737 834 808 custodibus,
848 759 903 819 per
919 741 1049 801 Tiberim

111 815 152 874 nd
162 835 225 874 suos
238 818 383 875 tranauit:
405 828 440 886 et,
455 837 538 896 quum
551 817 660 874 redditu
673 824 749 883 esset,
764 835 781 872 o
793 817 919 877 Porsena
930 817 1050 878 bonori-

99 893 162 972 flci
174 892 297 962 remissa,
311 897 431 973 equestri
443 894 534 954 statud
543 893 646 952 donata
654 903 702 954 est.
742 893 822 952 XVI.
837 896 893 974 Ap.
906 895 1051 958 Claudius

110 991 144 1030 eu
166 971 277 1031 Sabinis
297 973 414 1032 Romam
434 971 610 1051 transfugit:
631 971 664 1030 ob
683 972 733 1032 boc
751 971 873 1033 Clarcdia
892 975 981 1034 tribus
994 977 1050 1034 ad·

21 1077 24 1086 ’
100 1053 180 1128 jecta
194 1059 241 1110 est.
281 1052 422 1112 Numerus
435 1050 556 1110 tribuum
569 1048 717 1130 ampliatus
730 1060 778 1120 est,
799 1060 929 1111 messem
942 1053 1050 1133 viginti

109 1148 176 1188 una.
215 1128 296 1188 XIX.
311 1131 376 1189 XX.
397 1133 538 1192 Adversus
555 1127 740 1207 Tarquinium
752 1129 903 1209 Superbum
913 1149 974 1189 eum
984 1133 1051 1191 La-

110 1207 231 1266 tinorum
248 1209 367 1268 exercitu
388 1208 486 1270 bellum
505 1208 676 1286 iryierentem,
697 1207 734 1266 A.
749 1207 911 1268 Postumius
924 1208 1051 1268 dictator

104 1284 563 1366 prosperipugnauitapudloeum
572 1283 722 1363 Regillum.
761 1285 874 1356 XXIII,
888 1287 1050 1359 &ePtets

110 1383 196 1441 quum
206 1373 320 1443 propter
334 1385 416 1425 necas
429 1364 460 1424 ab
475 1383 521 1421 aes
533 1360 653 1420 alienum
662 1363 692 1421 in
705 1366 821 1424 Sacrum
835 1373 950 1424 montem
960 1387 1051 1426 seces·

109 1439 196 1512 sisset,
215 1441 330 1502 consilio
350 1441 479 1503 Menenii
497 1439 645 1518 Agrippae
660 1461 679 1498 a
694 1443 827 1503 seditione
846 1453 974 1503 reuocata
993 1455 1049 1506 est.

109 1517 190 1578 Idem
203 1519 279 1600 Agri
317 1519 604 1602 u,quumdeeessisset,
635 1539 666 1578 ro
686 1529 793 1600 tcrpou
812 1529 926 1580 ertatem
932 1522 1051 1601 publico

108 1596 247 1677 impendio
261 1607 348 1658 ectus
357 1609 405 1658 est.
443 1597 584 1657 XXXIII.
635 1541 729 1656 ribuni
736 1542 825 1678 plebis
835 1597 955 1678 quinque
968 1621 1051 1659 crea·

109 1674 134 1732 ti
158 1685 232 1736 sunt.
273 1677 413 1757 Oppidum
433 1675 589 1738 Volscorum
617 1675 727 1736 Corioli
748 1685 857 1755 captum
878 1686 918 1736 est
940 1678 1051 1739 uirtute

110 1761 137 1811 et
163 1756 247 1830 operi
275 1755 309 1816 C.
332 1755 450 1824 Marcii,
473 1754 521 1844 qui
542 1754 574 1814 ob
597 1751 649 1812 boc
674 1751 841 1814 Coriolanus
864 1764 975 1814 uocatus
996 1767 1049 1816 est.

110 1833 249 1905 XXXVI,
264 1836 314 1894 &a
339 1833 385 1892 Ti.
400 1833 524 1903 Atinius,
538 1832 583 1891 vir
592 1831 626 1889 de
636 1831 723 1911 plebe,
737 1853 821 1912 quum
835 1834 865 1892 in
878 1833 1048 1894 onsuadmo·

110 1911 186 1970 uitus
199 1924 275 1983 esset,
289 1922 320 1972 ut
333 1911 366 1970 de
379 1909 541 1991 quibusdam
554 1909 732 1988 religionibus
745 1911 785 1969 ad
798 1923 920 1972 senatum
931 1915 1048 1992 perser-

110 1999 162 2059 ret,
179 1999 205 2048 et
219 1991 385 2072 neglexisset,
406 1989 505 2048 amisso
516 1988 594 2068 filio,
607 1987 704 2048 debilis
704 1991 815 2068 fictus,
826 1999 982 2070 postquam,
997 1991 1047 2049 de-

110 2067 185 2128 latus
204 2070 243 2129 ot
260 2079 384 2130 senatum
397 2066 501 2136 lecticd,
515 2067 608 2125 eodem
622 2065 672 2125 itta
684 2067 863 2138 indicaverat,
878 2089 929 2126 usu
938 2071 1048 2146 pedum

111 2157 226 2228 recepto,
236 2150 344 2208 domum
355 2165 480 2206 reuersus
487 2154 535 2204 est.
575 2145 714 2205 XXXIX.
723 2145 786 2205 XL.
810 2146 901 2214 Quum
914 2147 1048 2208 CMor-

110 2225 170 2283 cius
186 2226 358 2294 Coriolanus,
374 2223 465 2304 quiin
479 2221 604 2282 exsilium
617 2233 678 2282 erat
687 2223 795 2303 pulsus,
808 2225 866 2284 duc
886 2223 1049 2286 Volscorum

98 2304 212 2379 fictus,
232 2303 377 2364 exercitum
401 2301 518 2358 bostium
540 2300 603 2358 urbi
622 2301 730 2361 Romae
742 2301 913 2374 admouisset,
927 2313 951 2361 et
966 2307 1048 2365 missi

111 2383 152 2438 ud
167 2401 228 2440 eum
244 2377 366 2461 primdm
387 2379 480 2457 legati,
494 2387 591 2468 postea
608 2381 769 2450 sacerdotes,
770 2383 889 2458 frustra
902 2382 1048 2460 deprecati

110 2469 200 2520 essent
213 2481 247 2519 ne
261 2457 359 2517 bellum
368 2456 481 2537 patriae
493 2457 632 2534 srfirrret3
662 2451 775 2517 Veturia
787 2465 875 2516 mater
887 2469 914 2517 et
934 2458 1047 2520 Volum-

111 2537 160 2597 nia
170 2559 240 2598 uuor
250 2539 463 2616 impetraverunt
473 2535 507 2592 ab
518 2554 558 2602 eo,
567 2545 598 2593 ut
607 2536 750 2595 recederet.
787 2537 866 2596 XLI.
885 2538 1047 2618 Leuagra·

111 2617 157 2675 ria
168 2615 289 2696 primbm
303 2613 360 2672 lata
374 2623 422 2672 est.
464 2616 512 2692 Sp.
532 2613 647 2672 Cassius
659 2613 812 2674 consularis
832 2615 912 2694 regni
927 2617 1046 2678 crimine

111 2696 259 2754 damnatus
272 2701 311 2752 est
324 2701 495 2772 necatusque.
535 2691 629 2762 XLII,
644 2695 694 2752 &a
739 2693 840 2772 Oppia,
855 2694 934 2772 uirgo
951 2696 1047 2756 Vesta·

110 2773 156 2844 lis,
169 2772 201 2832 ob
215 2773 344 2833 incestum
358 2771 420 2830 nivo
433 2772 541 2850 definssa
554 2781 602 2830 est.
642 2772 748 2842 XLVI,
763 2775 814 2831 &a
850 2772 941 2842 Quum
959 2774 1048 2834 vicini

110 2851 201 2911 hostes
221 2853 351 2930 Vejentes,
369 2850 534 2908 incommodi
552 2849 648 2929 magis,
669 2851 751 2929 qudm
766 2870 876 2930 graues,
889 2861 987 2919 essent,
989 2855 1047 2930 fa-

112 2929 191 2988 milia
212 2930 363 2990 Fabiorum
383 2927 415 2986 id
432 2927 530 2987 bellum
546 2929 698 3008 gerendum
718 2928 894 3009 depoposcit,·
916 2929 1048 3010 misitque

109 3009 141 3066 in
158 3008 190 3066 id
207 3017 338 3067 trecentos
351 3027 398 3066 sec
410 3015 539 3078 armatos,
560 3005 608 3084 qui
626 3007 666 3064 ad
682 3007 840 3066 Cremeram
859 3007 899 3064 od
910 3027 996 3066 unum
1011 3011 1047 3070 ab

110 3086 233 3147 hostibus
245 3085 317 3146 caesi
329 3094 402 3156 sunt,
416 3106 471 3144 uno
481 3085 619 3166 impubere
628 3085 703 3144 domi
711 3084 814 3144 relicto.
840 3085 950 3146 LVIII.
964 3085 1046 3146 LIX.

111 3165 169 3245 Ap·
188 3164 325 3224 Claudius
337 3163 439 3233 consul,
454 3184 537 3242 quum
550 3163 681 3222 adversas
701 3161 808 3222 Volscos
817 3163 989 3223 contumacid
999 3185 1045 3224 ec-

110 3240 213 3304 ereitris
223 3241 295 3302 male
306 3250 459 3320 pugnatum
472 3251 548 3309 esset,
562 3241 694 3302 decimum
703 3260 835 3320 quemque
842 3241 959 3300 militum
959 3243 1047 3318 suste

109 3320 252 3402 percussit.
285 3321 349 3388 LX,
360 3321 411 3379 Sto.
431 3319 487 3378 Res
502 3329 645 3398 praeterea
658 3317 801 3377 aduersum
818 3317 934 3389 Volscos,
944 3328 971 3378 et
986 3322 1044 3380 Ae·

110 3419 187 3478 quos,
207 3407 233 3458 et
253 3400 383 3478 Vejentes,
400 3407 426 3457 et
443 3397 589 3458 seditiones
601 3396 673 3456 inter
687 3398 790 3457 Patres
798 3396 957 3478 plebemque
977 3418 1043 3458 con·

116 3479 192 3537 tinet.
