2224 3862
99 205 161 266 250.
482 205 517 264 Τ.
537 205 642 264 LlVll

99 373 152 446 aut
162 364 413 430 murie'tanuersnt,
426 365 616 441 populabundi
629 365 828 424 descenderent
838 365 865 423 in
872 371 973 441 agrurn
984 367 1040 426 Ro-

100 462 223 500 manum.
263 444 383 510 Deinde,
398 443 556 521 Vejentiurn
577 444 701 504 exercitu
723 447 821 512 accito,
844 445 925 520 (narn
946 445 1041 506 Falisci

100 523 215 599 perpelli
235 524 271 582 ed
289 524 496 582 insuar-annunt
517 524 627 592 bollum,
645 543 737 600 neque
749 526 827 582 cludo
841 525 1041 593 Romanorum,

100 621 190 676 neque
200 603 337 660 sociorum
346 603 482 678 precibus,
492 602 633 680 potuere)
643 604 701 666 duo
708 605 802 681 populi
812 605 947 662 transiere
959 605 1043 662 Anie-

100 701 184 748 ueurs
205 695 288 757 etque
302 681 376 741 baud
389 683 484 758 procul
499 682 609 740 collino
621 683 701 760 porti
713 685 791 760 signu
804 682 936 740 habuere.
978 681 1043 754 Tre,-

101 760 225 837 pidatnrn
237 763 338 837 itaque,
349 781 404 818 non
415 762 523 838 iurgiis
531 763 627 836 magis,
637 760 722 838 qudnn
731 764 761 820 iu
770 764 846 828 urbe,
858 774 912 820 ost·
954 761 1044 820 Julius

100 840 198 900 conso
212 841 241 898 in
253 861 355 917 aggere
366 842 506 916 murique
519 842 639 919 explicat
649 843 751 919 copiae.
791 843 820 899 A
830 841 962 918 Virginio
969 861 1043 900 seua·

101 933 147 982 tus
160 920 189 976 in
198 923 267 978 cede
277 919 387 984 Quirini
395 921 556 979 consulitur.
596 921 769 980 Dictatorern
779 921 834 979 dici
845 921 883 978 A.
897 921 1043 979 Servilium

101 999 199 1074 plooot.
220 1001 269 1060 cui
288 1001 381 1058 Prisco
402 1000 456 1068 alii,
470 1001 517 1058 ulii
531 1001 644 1058 Structo
656 1002 744 1058 fuisse
755 1016 910 1077 cognomen
925 1001 1044 1058 tradunt.

102 1077 252 1154 Virginius,
267 1081 334 1138 dum
347 1081 481 1156 collegam
494 1080 657 1148 consuleret,
672 1089 803 1149 moratus,
813 1079 994 1156 permittente
1004 1100 1043 1148 eo,

33 1179 37 1190 “
99 1159 364 1219 medicatorem
384 1161 463 1217 dixit.
502 1160 533 1217 ln
551 1160 603 1218 sibi
621 1161 783 1237 magistrun
803 1159 932 1235 equitum
948 1160 1043 1218 Postu·

101 1257 179 1296 num
193 1239 349 1297 Aebutium
364 1239 462 1298 Eiram
475 1239 552 1298 dicit.

106 1357 108 1368 ·
140 1317 238 1376 XXll.
259 1318 388 1377 Dictator
407 1320 579 1377 omnesluoe
591 1317 681 1394 prime
692 1327 771 1376 extro
783 1331 892 1394 portum
909 1317 1043 1376 Collinam

100 1396 197 1456 adone
205 1397 296 1476 jubet.
336 1399 555 1474 Quibuecanque
569 1398 647 1456 vires·
659 1399 842 1475 suppetebant
862 1399 900 1455 nd
920 1417 997 1455 arma
1008 1399 1044 1454 fe·

100 1477 195 1546 teudo,
214 1490 324 1554 praesto
343 1479 438 1536 fuere:
458 1479 536 1554 signa
555 1497 591 1536 ex
610 1479 714 1536 morio
732 1489 859 1554 prorupta
871 1477 1043 1535 feruntnred

101 1555 273 1616 dictatorern.
314 1558 393 1622 Quae
413 1577 499 1633 quum
517 1569 672 1634 egerentur,
695 1557 788 1615 hostes
809 1561 838 1614 in
864 1557 930 1615 loca
953 1557 1043 1614 altiore

101 1655 272 1702 concessere.
312 1635 357 1694 Εὸ
376 1637 495 1698 dictator
513 1637 623 1712 agmine
642 1638 746 1695 inlecto
763 1637 856 1703 nutu
873 1655 930 1694 nec
952 1636 1040 1712 procul

102 1715 245 1774 Nomento
258 1716 345 1793 signis
356 1717 470 1784 collutis,
484 1717 557 1775 fudit
571 1717 703 1776 Etruscus
719 1717 850 1792 legiones,
859 1716 997 1792 compulit
1006 1716 1041 1770 in-

101 1795 138 1852 de
151 1796 180 1853 iu
189 1798 285 1854 urbem
299 1796 423 1866 Fidenas,
435 1797 560 1873 valloque
568 1797 759 1854 circumdedit.
800 1796 856 1854 Sed
866 1815 961 1872 neque
969 1794 1040 1853 scalis

101 1875 163 1952 copi
183 1887 292 1953 poterut
304 1879 369 1934 urbs
382 1877 438 1934 ulte
450 1888 480 1934 et
489 1877 612 1944 munitm
632 1895 726 1952 neque
736 1877 764 1932 in
778 1876 926 1934 obsidione
939 1875 980 1932 ris
992 1875 1041 1931 nlla
1092 1923 1093 1940 p

102 1967 169 2023 erut,
189 1955 255 2032 qnia
267 1958 434 2017 trumentum
455 1975 511 2014 non
528 1956 686 2015 necessitati
699 1951 782 2012 modo
799 1956 874 2023 satir,
887 1955 941 2012 sed
955 1955 1042 2030 copiae

103 2035 222 2110 quoqne,
242 2037 352 2095 abunde
371 2057 407 2094 ex
425 2039 490 2094 ento
509 2049 645 2094 convento
664 2035 826 2094 sufficiobnt.
865 2033 923 2102 Ita,
944 2053 1041 2110 expug-

102 2115 186 2172 nandi
202 2118 303 2191 pariter
322 2117 494 2192 cogendique
511 2116 546 2173 od
560 2115 728 2172 deditionem
743 2133 792 2190 spe
805 2113 916 2181 amissa,
932 2114 1040 2171 dictator

103 2191 132 2250 in
152 2194 228 2263 locis,
249 2209 361 2273 propter
376 2195 608 2272 propinquitatem
623 2194 714 2261 uotis,.
725 2195 761 2250 ab
772 2194 868 2250 averso
880 2205 962 2270 porte
974 2191 1038 2248 urbis

103 2273 223 2331 maxime
243 2275 377 2350 neglecto,
393 2277 457 2350 qnia
470 2275 567 2352 suopte
580 2273 679 2331 nmurb
691 2273 828 2330 tutissime
842 2284 911 2339 erut,
926 2287 1004 2347 agere
1014 2271 1038 2326 in

102 2370 193 2408 arcem
207 2353 364 2411 cuniculum
378 2354 505 2412 instituit.
545 2353 619 2430 Ipse,
634 2351 824 2412 diversissimis
844 2351 914 2408 locis
928 2351 1038 2408 subeun-

102 2430 140 2488 do
159 2433 195 2488 ad
215 2433 324 2490 moenia
336 2434 526 2507 quadrifariam
538 2433 626 2490 diviso
646 2432 777 2500 exercitu,
792 2431 839 2508 qui
852 2431 898 2488 alii
913 2431 973 2488 aliis
986 2449 1037 2487 suc·

102 2509 233 2570 cederent
246 2513 281 2570 ad
295 2532 424 2589 pugnam,
439 2512 590 2570 continenti
603 2512 650 2570 die
662 2533 696 2570 ac
707 2525 788 2569 nocte
802 2511 907 2587 proelio
918 2509 954 2568 nb
963 2527 1035 2566 sensu
1082 2545 1088 2556 ·

103 2591 194 2666 operis
217 2590 311 2649 hostes
334 2593 490 2650 auertebat:
511 2591 608 2658 donec,
636 2593 759 2669 perfosso
784 2611 801 2648 a
822 2590 919 2648 castris
944 2600 1036 2653 nwnoe,

104 2682 196 2728 erecta
209 2671 237 2728 in
250 2691 340 2729 arcem
354 2673 400 2729 via
413 2684 471 2738 est;
491 2672 659 2748 intentisque
671 2671 796 2728 Etruscis
809 2671 844 2727 ad
858 2689 942 2726 vanas
955 2689 972 2726 o
987 2685 1036 2725 eer-

47 2809 53 2822 ‚
104 2761 134 2804 tn
147 2750 269 2826 periculo
283 2752 379 2819 minas,
396 2753 499 2810 clamor
514 2771 597 2826 snpra
610 2765 693 2828 capnt
707 2749 813 2807 hostilis
826 2761 936 2825 captam
951 2749 1035 2806 urben

104 2830 233 2888 ostendit.
274 2829 318 2889 Eo
338 2851 409 2889 anno
431 2831 464 2890 C.
479 2829 578 2888 Furius
598 2829 707 2888 Pacilus
723 2843 752 2886 et
767 2827 810 2884 M.
824 2827 968 2903 Geganius
981 2825 1035 2883 Ma·

104 2908 212 2966 cericus
232 2930 359 2970 censores
372 2911 463 2968 villam
484 2911 621 2988 publicam
633 2910 661 2966 in
681 2929 779 2986 campo
794 2907 900 2966 Martio
913 2907 1035 2984 probave-

103 2991 203 3058 runt¹3
220 2989 312 3066 ibique
324 2991 445 3068 primum
457 2995 467 3022 ²
483 3011 584 3050 census
596 2989 690 3066 populi
704 3002 747 3046 est
759 3001 846 3046 actus.
896 3053 899 3060 ¹

137 3101 145 3132 ¹
165 3101 249 3164 Varro,
261 3103 351 3166 quoted
363 3107 395 3166 by
408 3103 529 3168 Sigonius.
542 3105 598 3151 thus
609 3102 688 3150 writes
700 3102 729 3149 os
737 3103 777 3150 the
787 3105 961 3165 oillnpoblicn:
980 3097 1035 3146 Villn

102 3171 201 3230 publica
211 3172 241 3219 ad
254 3171 427 3232 rempublicam
439 3170 651 3220 administrandum
664 3181 700 3217 est
711 3169 785 3226 utilis,
797 3171 839 3218 ubi
850 3165 1033 3218 cobortesadde-

102 3237 193 3288 lectum
211 3237 305 3288 consuli
322 3237 439 3285 adductae
453 3239 586 3294 considunt,
604 3238 647 3286 nbi
663 3253 729 3285 erma
746 3238 882 3296 ostendant,
901 3239 926 3285 id
942 3245 983 3294 est,
999 3231 1034 3281 ubi

101 3317 211 3358 censores
228 3323 301 3356 censu
319 3305 446 3352 admittant
461 3307 588 3368 populum.
628 3309 737 3361 Probare,
755 3305 851 3366 applied
864 3316 889 3352 to
901 3307 940 3352 tbe
950 3313 1035 3352 censore

102 3373 240 3442 taling'the
249 3375 315 3423 work
322 3373 361 3420 off
366 3375 405 3420 the
414 3375 489 3420 hunde
498 3373 527 3422 ol'
536 3377 575 3421 the
585 3382 720 3422 contractor
729 3373 758 3419 of
766 3377 805 3420 the
815 3373 897 3434 public
905 3371 1031 3431 buildings:

101 3447 230 3504 adprobare
241 3445 261 3492 is
272 3447 312 3492 the
323 3441 389 3488 word
402 3441 496 3502 applied
509 3452 533 3488 to
545 3443 585 3488 the
595 3441 726 3490 successful
739 3441 799 3488 offer
810 3441 839 3490 of
852 3443 893 3489 the
909 3446 1033 3490 contractor

103 3509 198 3562 onere
209 3513 228 3560 it
239 3511 348 3560 so'talren
360 3506 442 3558 offbis
453 3509 538 3557 hands.
575 3509 604 3557 In
617 3499 662 3556 thls
671 3517 763 3569 respect
772 3511 813 3558 the
824 3521 909 3558 censor
916 3504 1033 3557 resemble

128 3592 148 3624 ¹r
162 3581 231 3629 Dean
242 3582 272 3629 of
282 3577 367 3629 Guild.
434 3577 444 3608 ¹
462 3582 573 3630 fflmum
582 3577 721 3643 qualiiying
730 3577 769 3626 iot.
