2230 3846
432 199 558 259 LIBER
579 199 619 260 11.
957 201 1018 264 na

68 359 172 419 novella
193 357 265 416 baec
280 357 421 416 'Romanis
435 359 535 435 oppida
548 359 652 418 ademit
662 357 680 415 ¹.
721 357 790 416 Inde
804 356 951 418 Lavinium
965 379 1011 418 re·

7 489 8 514 3
63 442 152 516 cepit:
173 451 244 496 tunc
258 437 390 515 deinceps
406 439 582 507 Corbionem,
598 437 750 505 Vitelliam,
771 437 910 506 Trebiam,
924 437 1009 498 Lari·

7 539 8 546 ¹
64 541 115 586 cos,
131 519 246 576 Pedum
260 517 345 593 cepit.
385 518 559 576 Postremlrm
573 519 608 575 ad
621 519 718 576 urbem
732 538 749 575 a
764 518 841 576 Pedo
854 518 950 586 ducit;
968 531 1008 586 et,

64 599 96 656 ud
114 600 206 655 fossas
221 596 360 654 Cluilias²
380 598 502 672 quinque
522 599 556 655 ab
576 599 644 654 arbe
664 597 748 654 millia
767 617 897 673 passuum
912 597 1008 656 castris

64 679 166 756 positis,
189 675 343 752 populatur
362 676 427 733 inde
446 697 540 752 agrum
564 677 738 744 Romanum
758 677 920 736 custodibus
936 677 1009 736 inter

64 757 243 834 populatores
258 756 357 818 missis,
371 757 419 830 qui
434 757 608 831 patriciorum
623 775 702 831 agros
716 757 834 813 intactos
852 769 1009 814 servarantt

65 837 118 894 sive
137 835 267 892 infensus
281 836 354 910 plebi
367 835 463 910 magis,
482 835 539 892 siva
553 848 585 892 ut
599 835 735 893 discordia
748 835 813 892 inde
826 835 898 892 inter
913 836 1008 894 Patres

65 916 231 990 plebemque
253 915 379 971 oriretur.
420 914 499 978 Quae
513 910 637 990 profecti)
651 929 711 972 orta
723 925 806 982 esset,
820 910 891 972 adeb
905 914 1008 974 tribuni

63 995 115 1072 jam
129 997 256 1052 ferocem
278 1011 328 1068 per
346 1013 376 1049 se
395 993 503 1069 plebem
518 994 688 1052 criminando
702 995 729 1050 in
743 993 877 1069 primores
890 993 1009 1052 civitatis

65 1075 243 1149 instigabant.
284 1071 340 1130 Sed
354 1088 484 1130 externus
498 1073 589 1140 timor,
604 1074 753 1130 maximum
773 1073 935 1132 concordiae
950 1074 1008 1130 rin·

65 1153 177 1218 culum;
194 1151 323 1228 quamvis
336 1167 480 1228 suspectos
493 1153 669 1228 infensosque
682 1153 754 1209 inter
763 1172 793 1210 se
803 1151 937 1228 jungebat
950 1154 1008 1208 aui·

67 1253 130 1289 mos.
174 1233 210 1290 ld
231 1227 315 1288 modi)
334 1251 391 1288 non
411 1231 607 1296 conveniebat;
628 1227 722 1306 qubd³
743 1245 853 1288 senatus
868 1230 1008 1289 consules·

67 1332 117 1386 qus
136 1331 278 1385 nusquam
298 1311 364 1368 alibi
383 1331 470 1386 spero,
485 1311 567 1387 quim
582 1311 715 1376 inarmis,
735 1312 893 1388 ponebant:
913 1309 1008 1386 plebes

166 1391 271 1455 omnia,
292 1389 376 1464 quam
397 1390 508 1458 bellum,
529 1391 657 1448 malebat.
698 1389 746 1465 Sp.
769 1389 889 1448 Nautius
904 1389 963 1466 jam
980 1401 1009 1450 et

65 1473 124 1516 Μ·
170 1469 237 1528 Sex.
246 1468 346 1525 Furius
355 1471 480 1528 consules
491 1483 568 1527 erant
577 1469 599 1526 ⁴.
620 1469 686 1536 Eos,
695 1483 869 1528 recensentes
878 1469 1007 1544 legiones,

67 1527 121 1576 ²⁰⁶·
168 1547 307 1626 praesidia
327 1569 377 1624 per
398 1569 489 1606 muros
503 1550 619 1624 aliaque,
637 1550 664 1606 in
678 1547 780 1623 quibus
793 1549 925 1606 stationes
940 1549 1008 1623 vigi·

65 1629 170 1704 liasqne
189 1647 252 1684 esse
273 1628 422 1703 placuerat,
444 1629 504 1686 loca
523 1629 728 1695 distribuentes,
750 1628 898 1686 multitudo
912 1628 1008 1702 ingens

68 1727 161 1783 pacem
188 1707 365 1783 poscentium
392 1709 510 1784 primirm
543 1709 675 1765 seditioso
703 1707 822 1765 clamore
848 1705 1009 1766 conterruit.

68 1785 178 1844 Deinde
192 1805 291 1843 vocare
312 1799 447 1854 renatum,
468 1787 567 1844 referre
588 1788 623 1844 de
643 1788 740 1863 legatis
760 1787 794 1844 ad
813 1787 847 1845 C.
868 1785 1007 1844 Marcium

70 1865 210 1924 mittendis
231 1866 332 1939 coligit.
375 1870 552 1943 Acceperunt
579 1864 761 1924 relationem⁵
794 1867 907 1933 Patresr
933 1877 1008 1942 post·

68 1965 147 2020 qaam
169 1946 309 2020 apparuit,
330 1944 421 2002 labare
441 1947 528 2023 plebis
547 1948 672 2014 animos3
693 1945 823 2020 missique
843 1947 879 2002 de
892 1963 960 2019 pace
974 1945 1009 2000 ad

70 2023 208 2082 Marcium
230 2039 354 2082 oratores
369 2038 448 2082 atrox
463 2045 623 2102 responsum
638 2025 809 2082 retulerunt:
831 2033 838 2060 ⁴
855 2024 886 2082 Si
901 2023 1009 2080 Volscis

68 2101 1008 2260 *tttilltfflhhh‘tthiatlfsllllltssltl

71 2261 226 2327 ‘beneficii
248 2262 418 2330 adnisurum,
432 2276 464 2320 ut
483 2276 621 2338 appareat,
636 2262 732 2320 exsilio
746 2261 799 2318 sibi
813 2261 940 2328 irritatos,
955 2281 1010 2318 non
1058 2307 1061 2314 .

68 2342 197 2407 ‘fractos
219 2342 329 2398 animos
349 2341 426 2399 esse?
467 2343 573 2399 Iterum
594 2343 694 2400 deindo
709 2343 792 2398 iidem
806 2341 884 2400 missi
897 2360 952 2398 non
966 2361 1008 2398 re-

69 2420 207 2495 cipiuntur
220 2420 250 2477 in
261 2434 358 2478 castra.
399 2429 407 2456 ‘
422 2421 587 2480 Sacerdotes
598 2418 717 2498 qanue,
732 2422 789 2478 suis
802 2421 955 2498 insignibus
963 2441 1010 2478 re·

71 2500 167 2566 ‘latos
189 2502 246 2556 lsse
264 2501 402 2577 supplices
418 2502 453 2558 ad
468 2513 557 2558 castra
569 2500 708 2568 notium:
722 2501 853 2559 traditum
868 2513 926 2572 est;
947 2500 1010 2558 ‘ni-

72 2577 167 2636 ‘bilo⁶
183 2579 272 2654 magis
285 2579 367 2655 quam
382 2581 487 2655 legatos
500 2581 608 2638 flexisse
622 2579 760 2639 animum.'

102 2657 166 2714 XL.
189 2657 264 2714 Tum
280 2671 419 2716 matronae
432 2661 468 2716 ad
483 2660 635 2726 Veturiam,
656 2672 771 2718 matrem
788 2659 937 2726 Coriolani,
951 2658 1009 2716 Vo-
1107 2681 1108 2716 l

67 2737 252 2812 lumniamque
265 2757 379 2795 uxorem
394 2741 549 2814 frequentes
566 2747 675 2797 coeunt.
715 2738 750 2796 Id
766 2739 906 2817 publicum
921 2739 1011 2796 consi·
1107 2773 1108 2790 r

68 2815 139 2883 lium,
155 2837 191 2874 an
206 2817 349 2874 muliebris
362 2817 464 2876 timorl
480 2819 569 2887 fuerit,
592 2839 688 2896 parum
707 2819 825 2876 invenio.
867 2818 1011 2878 Pervicere

68 2898 146 2963 certe,
161 2908 195 2952 ut
209 2911 238 2966 et
255 2894 377 2966 Voturia,
399 2918 498 2974 magno
511 2912 578 2956 natu
592 2899 699 2968 mulier,
720 2911 749 2956 et
764 2898 920 2965 Volumnia,
941 2899 1010 2976 dopo

99 3006 105 3036 ¹
124 3009 235 3064 Novella,
254 3009 298 3055 &c
318 3008 348 3054 he
366 3007 422 3055 t'oolr
441 3009 503 3056 from
521 3011 560 3057 ths
581 3011 688 3058 Romans
700 3011 768 3058 those
779 3017 856 3058 towns
867 3009 944 3058 which
956 3011 1011 3069 they

66 3072 234 3135 badsolately
246 3074 368 3137 acquired.
392 3077 524 3138 Seernp.
540 3079 582 3127 33.
656 3073 728 3126 ¹See
742 3079 763 3126 1.
777 3079 818 3127 23·
889 3078 954 3136 ³111,
965 3080 1009 3126 dre.
1106 3089 1107 3126 i

65 3143 102 3189 the
112 3142 172 3204 only
185 3142 255 3202 point
267 3143 297 3189 ol'
304 3142 458 3192 discordance
470 3161 525 3203 was,
537 3147 595 3196 that.
674 3149 684 3180 ⁴
703 3148 764 3211 Livy
776 3151 847 3198 omits
858 3162 906 3201 two
914 3155 1012 3202 consul·

65 3210 127 3271 ships
138 3226 166 3258 as
177 3209 250 3270 given
265 3212 295 3272 hy
310 3211 449 3274 Dionysius,
462 3215 513 3261 that
524 3216 553 3261 of
563 3217 594 3270 Q,
612 3214 733 3276 Sulpicius
747 3219 895 3275 Camerinus,
907 3222 954 3268 and
968 3223 1010 3284 Sp.
1022 3221 1024 3224 ’

66 3277 163 3324 Lartius
178 3277 276 3333 Flavus,
291 3277 375 3327 26411.
390 3294 411 3328 c.
426 3281 516 3345 during
527 3284 604 3330 which
621 3285 662 3330 the
672 3285 769 3332 vitiated
782 3303 864 3348 gemes
876 3305 937 3336 were
949 3289 1012 3338 cela-

62 3345 155 3401 brated,
168 3343 218 3390 and
232 3347 282 3392 that
295 3347 324 3393 oi'
341 3349 413 3395 Caius
424 3349 515 3405 Julius,
533 3350 581 3396 and
599 3351 629 3398 P.
644 3352 755 3398 Pinarius
773 3355 860 3408 Rufus,
882 3357 931 3402 265
947 3369 972 3402 υ.
987 3369 1009 3404 c.

62 3413 154 3474 during
167 3411 245 3458 which
259 3413 298 3459 the
309 3429 391 3475 garnes
403 3431 465 3462 were
476 3417 592 3472 rencwed,
608 3419 682 3477 Chap.
698 3420 738 3466 36.
828 3421 838 3449 ⁸
857 3424 899 3466 See
916 3436 939 3478 p.
958 3421 1013 3477 lOb,

64 3491 119 3526 note
133 3483 158 3527 3.
238 3481 249 3508 ⁸
267 3482 359 3544 Supply
379 3486 438 3536 ‘et’
455 3499 484 3530 or
502 3484 580 3530 ‘sec‘
653 3485 662 3512 ⁷
682 3485 820 3543 According
832 3496 856 3530 to
872 3486 1012 3546 Dionysius,

59 3547 104 3594 'the
116 3546 250 3609 expedient
263 3563 310 3596 was
322 3549 451 3615 suggested
464 3553 494 3614 by
508 3551 612 3610 Valeria,
625 3553 665 3599 the
676 3552 743 3599 sister
755 3551 783 3598 os
794 3550 923 3610 Poplicola.
996 3550 999 3562 ’
