2262 3858
125 223 185 278 32⁵
504 221 541 279 T.
560 219 662 280 L1v11

126 379 232 446 Potres,
246 397 326 436 senes
334 377 516 455 juvenesque,
529 399 615 455 quum
628 380 745 438 ferretne
757 380 812 448 lex,
824 380 936 456 agmine
950 381 1025 442 lecto
1035 385 1065 442 in

126 459 214 516 loreum
225 471 375 515 venerunt:
389 458 566 534 dissipatique
576 479 626 535 per
638 458 734 527 tribus,
747 479 813 518 soor
821 460 938 535 quisque
950 462 1067 522 tribules

126 551 294 613 prensantes,
314 556 391 596 orere
411 558 476 595 cum
495 539 613 596 lacrimis
629 557 754 614 coepere,
775 538 843 596 ‘Ne
856 559 917 596 οιιιιι
932 541 1062 614 petriam,

128 623 136 650 ‘
150 635 200 690 pro
213 617 268 691 quir
280 617 428 676 fortissime
440 617 651 692 felicissimique
664 618 717 693 ipsi
729 637 763 676 ne
774 629 866 692 potres
876 637 973 676 eorum
984 620 1067 678 dimi·

128 703 136 728 ‘
150 696 266 759 cissent,
281 695 455 764 desererent,’
465 696 641 772 Capitolium,
652 697 750 754 nedem
765 697 874 762 Ventos,
884 709 979 756 cetero
993 699 1073 758 circe.

127 775 231 850 temple
244 775 370 832 Deorum
384 787 561 833 ostentantes.
602 783 610 812 ⁶
626 775 670 832 Ne
683 776 816 843 exsulem,
826 788 965 834 extorrem
975 797 1066 854 popu·

113 925 115 931 y
128 863 136 886 ‘
150 853 206 910 lum
223 854 379 911 Romanum
393 855 428 912 ob
441 855 500 912 solo
512 855 601 930 patrio
613 874 647 912 oc
660 855 713 912 diis
734 855 879 931 penatibus
898 857 931 912 in
942 853 1066 916 hostiurn

129 939 136 965 ‘
150 933 246 990 orbern
259 947 389 1008 egerem
403 934 492 1008 edque
502 953 558 990 rem
569 934 747 1001 edduderent,
757 946 790 992 ut
797 935 896 992 melius
905 935 1000 1002 fuerit,
1011 956 1066 994 uon
1113 999 1114 1004 ἵ

128 1012 211 1089 ‘cepi
226 1013 319 1088 Vejos,
340 1033 375 1070 ne
393 1013 485 1070 Romo
497 1011 686 1070 desereretur!
727 1013 801 1076 Quin
819 1033 877 1070 uon
888 1013 916 1070 vi
936 1014 1066 1089 egebunt,
1113 1031 1114 1080 1

127 1093 176 1148 sed
190 1091 326 1168 precibus,
340 1105 369 1148 et
382 1092 453 1148 inter
466 1111 560 1168 preces
573 1092 661 1150 multo
676 1091 801 1150 Deorum
815 1093 920 1150 mentio
933 1105 1003 1162 eret,
1023 1115 1067 1154 re·
1113 1081 1114 1102 ¹

127 1171 254 1245 ligiosurn
268 1171 339 1248 porti
353 1171 487 1228 meximee
499 1171 561 1228 loir.
602 1170 640 1228 Et
650 1171 804 1245 legemunir
817 1171 909 1246 plures
919 1173 1066 1230 tribusen·
1113 1189 1114 1252 1

128 1249 279 1324 tiqndrunt,
299 1251 381 1326 quem
391 1250 534 1327 jusserunt
542 1249 560 1306 ¹.
601 1250 739 1324 Adeoque
752 1269 787 1308 ee
798 1249 912 1306 victorie
924 1251 999 1308 laets
1013 1253 1065 1310 Po·
1113 1253 1114 1312 1

127 1329 214 1386 tribus
226 1331 287 1397 luit,
308 1342 340 1387 ut
359 1343 470 1404 postero
490 1329 544 1396 die,
564 1329 744 1403 referentibus
764 1329 932 1398 consulibus,
953 1331 1064 1390 oenotris
1113 1333 1114 1396 1

127 1409 282 1465 consultum
296 1409 383 1474 lieret,
401 1417 408 1442 ‘
423 1420 455 1466 ut
470 1409 527 1482 egri
541 1407 689 1485 Vejenteni
701 1420 815 1484 septena
823 1406 924 1484 jugere
935 1409 1011 1484 plebi
1023 1411 1064 1468 di·
1113 1401 1114 1442 l

128 1487 322 1550 ‘viderentnr;
343 1506 394 1544 oec
411 1487 535 1563 patribus
554 1487 672 1546 familiae
692 1488 808 1552 tentem,
829 1488 878 1546 sed
893 1499 926 1546 ut
940 1489 1063 1560 ompium

127 1573 134 1597 ‘
148 1565 176 1620 in
191 1567 275 1622 domo
288 1565 434 1624 liberorum
452 1565 575 1664 cepitpm
594 1567 664 1624 retis
684 1564 845 1634 baberetnr3
865 1567 1025 1643 vellentque
1036 1569 1063 1624 in

149 1663 210 1702 mm
225 1645 579 1784 speffldffidoffldidbere
593 1723 713 1783 delenitis
729 1725 818 1801 plebe,
837 1723 907 1784 nibil
927 1737 1061 1784 wrtstum

127 1793 151 1826 ¹¹·
167 1791 190 1828 ⁰·
228 1814 280 1869 est,
294 1821 349 1877 quo
363 1801 451 1860 minius
465 1802 618 1861 consuleris
631 1803 742 1862 comitio
754 1802 929 1864 hebetentur.
971 1805 1062 1864 Cresti

127 1847 185 1895 ³⁶³·
227 1883 353 1939 consules
366 1879 401 1937 n.
416 1881 543 1938 valerius
559 1882 676 1950 roricus,
691 1881 1062 1960 munoruseurcspro

126 1961 183 2018 lino
196 1973 293 2037 postea
304 1961 409 2019 etinm²
422 1961 475 2018 fnit
488 1980 649 2036 cognomen.
691 1961 733 2018 Hi
751 1962 879 2022 consules
892 1981 1008 2036 megnos
1021 1963 1060 2020 lo·

126 2041 177 2097 dos
196 2042 295 2108 fecere,
315 2060 384 2116 quos
402 2039 446 2097 M.
461 2039 559 2098 Furius
579 2040 696 2098 dictator
710 2053 820 2100 voveret
834 2039 948 2116 Vejenti
961 2042 1033 2100 bello
1041 2041 1058 2096 ³.

127 2119 236 2177 Eodem
255 2139 327 2178 enno
350 2120 432 2177 aedes
452 2119 571 2176 Jnnonir
592 2119 726 2194 Reginae,
750 2121 784 2178 sb
803 2119 902 2178 eodem
927 2120 1060 2180 dictatore

127 2199 280 2274 eodemque
288 2199 360 2256 bello
366 2211 437 2264 voto,
444 2198 602 2298 dedicetur:
617 2197 851 2273 ‘celebratumque
859 2199 1058 2258 dedicationem

147 2278 546 2352 u
561 2277 832 2338 “²⁶¹
843 2275 1058 2434 11

128 2437 207 2509 pene,
227 2434 309 2510 quiem
323 2454 420 2492 monus
434 2447 617 2493 consererent.
660 2435 776 2504 Valerio,
794 2436 870 2511 qudd
885 2455 1058 2512 perseveren-
1113 2487 1114 2502 ,

127 2515 182 2570 tior
194 2514 341 2571 credendis
353 2514 381 2570 in
393 2513 459 2588 fugi
467 2513 529 2588 fuit,
540 2514 711 2590 triumphus;
730 2513 849 2584 Manlio,
859 2527 890 2574 ut
900 2515 1009 2574 ιιιιιιιιε4
1021 2517 1058 2572 in·

127 2594 286 2667 grederetnr
299 2594 404 2664 urbem,
425 2593 566 2652 decretum
587 2605 639 2652 est.
679 2594 786 2654 Eodem
800 2613 872 2652 enno
886 2613 990 2654 novum
1003 2595 1057 2654 bel·

127 2673 185 2728 lom
199 2693 263 2732 cum
277 2672 495 2731 Volsiniensibus
508 2683 652 2740 exortum
672 2669 727 2749 qud
738 2684 850 2750 propter
862 2673 965 2734 lentem
979 2674 1057 2752 pesti-

124 2822 202 2870 whlch
219 2821 259 2868 the
276 2823 368 2882 change
380 2819 486 2882 (motion
502 2819 565 2877 tolie
576 2819 654 2876 made,
671 2819 719 2867 end
737 2819 888 2868 theebletive
899 2821 929 2868 ol
942 2823 982 2870 the
993 2820 1056 2883 thing

126 2887 241 2952 changed,
255 2888 358 2951 (motion
361 2887 454 2951 frose)
465 2899 491 2934 es
501 2887 526 2933 in
537 2887 583 2934 this
593 2903 692 2950 passage
702 2887 750 2935 end
761 2889 864 2946 Horace,

329 2955 380 3004 Cur
390 2957 449 3004 nolle
459 2963 593 3014 permutem
607 2953 702 3014 Sebini,

358 3026 463 3073 Divitior
473 3022 638 3083 operosiores?

124 3089 269 3140 Sometimes
279 3089 337 3138 with
347 3105 362 3138 a
373 3105 439 3138 more
450 3089 586 3139 immediate
597 3089 717 3140 reference
725 3097 751 3139 to
759 3089 790 3138 its
797 3089 929 3152 smondnry
937 3090 1054 3152 menriog,

125 3169 151 3208 to
162 3163 258 3221 clange,
274 3157 293 3204 it
309 3171 410 3219 governs
426 3157 467 3204 the
477 3157 610 3205 secusntive
620 3157 649 3206 cf
664 3158 704 3206 dre
713 3157 793 3220 obieet
808 3157 860 3215 left,
871 3158 920 3208 end
938 3160 978 3210 the
994 3157 1055 3209 eolo.

125 3230 181 3284 rive,
195 3235 232 3288 (ss
242 3225 271 3272 of
281 3224 369 3286 price)
378 3225 407 3272 of
414 3227 465 3272 thet
476 3225 514 3274 for
525 3225 601 3274 which
613 3226 753 3288 tlrsebnnge
762 3224 866 3281 ismode.
877 3241 913 3284 es,
922 3230 1054 3289 credoque

125 3301 204 3344 domos
218 3303 240 3342 et
257 3295 337 3342 drdcio
348 3295 433 3341 limina
444 3303 546 3342 mutent·
582 3294 687 3352 Vmbro,
701 3293 733 3340 G.
749 3293 788 3342 11.
801 3293 858 3343 511.
929 3293 936 3322 ¹
955 3297 997 3350 Et,
1009 3296 1050 3342 de.

126 3362 185 3410 And
196 3363 236 3408 the
245 3359 325 3412 tribes,
337 3359 369 3418 by
380 3374 395 3405 e
405 3359 516 3421 mojority
526 3360 555 3410 ol
568 3375 622 3418 one,
636 3359 739 3423 rejected
751 3361 791 3408 the
801 3362 856 3408 lnrr.
895 3361 926 3410 lu
938 3362 978 3410 the
994 3373 1055 3410 seme

124 3425 1052 3544 :sel”⁰”²lllzlllll.⁰flffil:tll;i.1.l⁰:tl²itlt:5²l.ll

209 3529 216 3542 .
539 3527 546 3540 .
761 3527 768 3554 ,
1026 3541 1028 3543 .

125 3563 277 3622 Capitolinus
285 3561 305 3610 is
312 3559 458 3617 mentioned,
472 3561 519 3610 lv.
534 3561 575 3610 42.
611 3565 695 3612 Elium
700 3577 756 3624 moy
767 3563 828 3614 refer
837 3563 946 3627 toeltlrer
955 3563 984 3612 ol
992 3563 1052 3614 thes

125 3629 315 3678 circumstances.
384 3627 395 3656 ⁸
412 3628 456 3676 See
470 3628 498 3676 C.
514 3627 552 3677 le.
622 3629 632 3658 ⁴
652 3631 696 3679 See
707 3645 731 3692 p.
748 3629 804 3691 156,
817 3638 873 3679 note
884 3631 909 3680 2.
