2232 3862
111 225 150 282 22
482 224 656 294 ‚T.L1vn
686 227 689 231 ’

111 381 248 449 tinueratr
267 381 389 468 omnium
402 381 529 458 primitus,
545 403 604 442 rem
616 384 651 441 ad
665 382 868 440 multitudinem
883 381 1061 457 imperitam,

112 473 141 518 et
162 459 215 518 illis
236 461 335 518 seculis
354 462 460 528 rudem,
483 463 709 530 efficacissimam,
729 461 855 520 Deorum
869 475 976 518 metum
991 460 1062 537 inji-

113 540 241 597 ciendum
254 553 329 598 ratus
342 553 394 598 est.
433 541 490 604 Qui
502 562 586 617 quum
597 542 763 600 descendere
773 541 808 598 atl
818 541 923 598 animos
933 541 995 598 sine
1003 540 1060 598 ali-

114 638 169 693 quo
190 633 347 678 commento
366 619 491 678 miraculi
506 641 562 678 nou
577 633 681 698 posset,
698 621 830 680 simulat.‘
844 619 896 676 sibi
908 637 972 677 cum
990 619 1061 676 Deis

115 705 123 731 ‘
138 697 412 774 Egerii'congressus
424 712 573 758 noctnmos
585 720 663 758 csse:
684 699 743 776 ejus
755 719 786 756 se
799 699 914 764 monitu,
924 717 997 772 qaae
1007 717 1059 755 ac·
1093 700 1096 782 l

115 783 123 811 ‘
137 777 293 853 ceptissima
301 779 364 836 Diis
372 791 472 848 essent,
482 799 558 837 sacra
570 779 725 842 instituerer
746 778 901 836 sacerdotes
914 797 980 834 suos
994 778 1058 834 cui·
1094 794 1097 866 q

116 862 191 931 ‘que
218 855 343 914 Deorum
370 857 532 933 praeficere!
587 862 682 933 Atque
708 858 832 916 omnium
858 857 987 932 primum,
1018 857 1060 912 ad
1097 888 1098 964 p

115 953 225 994 cursum
239 936 320 994 lunae
331 935 348 1003 ¹,
365 936 393 992 in
401 937 546 994 duodecim
556 956 663 994 menses
672 937 919 994 describitaunum.
958 935 1058 998 Quem

115 1012 195 1090 (quia
207 1015 325 1072 tricenos
338 1015 397 1073 dies
410 1015 523 1094 singulis
536 1017 675 1074 mensibus
688 1016 754 1073 luna
762 1035 817 1072 non
827 1015 929 1092 explet,
939 1015 1059 1071 desunt·
1098 982 1099 1046 l

115 1111 170 1168 que
182 1093 241 1151 dies
254 1094 342 1152 solido
354 1114 435 1162 auno,
455 1096 503 1170 qui
521 1095 656 1153 solstitiali
668 1095 860 1170 circumagitur
873 1092 953 1168 orbe)
968 1092 1057 1150 inten-
1099 1076 1100 1140 l

114 1172 248 1230 celeribus
261 1175 400 1231 mensibus
413 1175 626 1251 interponendis,
640 1174 679 1231 ita
688 1173 862 1250 dispensavit,
872 1184 904 1230 ut
916 1186 1014 1246 quarto
1025 1183 1058 1229 et
1100 1170 1101 1198 ¹

114 1251 247 1326 vigesimo
260 1272 333 1310 anuo
344 1254 379 1312 ad
393 1266 495 1311 metam
509 1255 624 1312 eandem
637 1253 711 1321 solis,
727 1253 801 1310 uude
814 1253 868 1309 orsi
881 1263 981 1318 essent,
995 1251 1059 1327 ple·
1101 1264 1102 1296 t

114 1330 158 1387 nis
171 1350 303 1388 annorum
317 1332 439 1388 omnium
454 1333 557 1409 spatiis,
570 1333 629 1392 dies
643 1343 832 1407 congruerent.
871 1331 949 1388 Idem
963 1331 1060 1388 nefas·
1102 1358 1103 1374 r

114 1420 159 1466 tos
172 1409 231 1466 dies
245 1411 382 1486 fastosque
397 1411 480 1480 fecit;
499 1411 563 1487 quia
575 1411 721 1488 aliquando
734 1409 801 1468 nihil
816 1429 879 1468 cum
893 1408 995 1485 populo
1008 1408 1058 1484 agi

114 1487 182 1548 utile
195 1489 316 1546 futurum
331 1503 398 1548 erat.

155 1567 221 1625 XX.
249 1569 322 1626 Tum
344 1569 530 1628 sacerdotibus
550 1568 673 1628 creandis
694 1568 815 1626 animum
836 1567 945 1646 adjecit,
967 1586 1059 1643 quan·

116 1665 198 1722 quam
219 1647 279 1724 ipse
298 1649 416 1724 plurima
434 1668 510 1706 sacra
528 1649 631 1716 obibat,
650 1666 684 1705 ea
702 1647 830 1715 maxime,
850 1666 919 1722 quae
932 1666 1005 1704 nunc
1017 1647 1057 1704 ad

45 1783 49 1794 ,
117 1724 227 1784 Dialem
242 1728 379 1786 flaminem
393 1729 538 1804 pertinent.
579 1727 644 1793 Sed,
665 1727 730 1802 quia
748 1727 777 1784 iu
796 1726 907 1785 civitate
925 1725 1057 1784 bellicosa

115 1805 208 1880 plures
223 1806 344 1875 Romuli,
358 1805 440 1882 quam
456 1807 573 1874 Numae,
587 1805 689 1864 similes
702 1825 780 1882 reges
789 1805 905 1882 putabat
919 1805 984 1872 fore,
998 1805 1056 1861 itu·

115 1903 216 1959 rosque
229 1885 303 1962 ipsos
316 1887 351 1944 ad
364 1886 443 1954 bella,
463 1905 498 1944 ne
514 1905 590 1944 sacra
605 1885 696 1962 regiae
708 1885 776 1944 vicis
789 1886 985 1952 desererentur,
1005 1884 1055 1942 fla·

117 1963 220 2020 minem
241 1965 306 2023 Jovi
326 1965 467 2023 assiduum
490 1966 659 2024 sacerdotem
680 1965 792 2032 crearit,
814 1963 968 2038 insignique
988 1982 1056 2020 euru

117 2053 194 2099 veste
208 2054 237 2100 et
249 2045 336 2101 curuli
349 2044 424 2120 regin
436 2044 503 2101 aelli
515 2044 666 2101 adornavit.
705 2042 783 2100 Huic
792 2043 861 2100 duos
871 2043 993 2099 flamines
1005 2043 1056 2100 ad-

113 2119 200 2195 jecit:
230 2122 317 2181 Marti
333 2142 428 2191 unum,
448 2123 564 2181 altcmm
585 2122 711 2186 Quirino.
750 2121 932 2197 virginesque
953 2121 1055 2178 Vestae

117 2198 194 2275 legit,
209 2201 285 2259 Albi
300 2203 446 2260 oriundum
466 2201 658 2269 sacerdotium,
677 2211 707 2258 et
725 2201 802 2276 genti
821 2199 968 2258 conditoris
980 2198 1058 2257 haud

118 2279 247 2336 alienum.
286 2281 350 2349 His,
371 2293 403 2338 ut
422 2280 546 2338 assiduae
562 2281 657 2356 templi
677 2279 812 2337 antistites
832 2292 932 2346 essent,
953 2279 1056 2354 stipen-

119 2356 197 2414 dium
210 2359 245 2416 de
257 2359 368 2436 publico
381 2359 493 2416 statuit:
513 2359 667 2434 virginitate
680 2357 793 2433 aliisque
804 2359 964 2416 ceremoniis
974 2377 1057 2415 vene-

118 2435 217 2493 rabiles
230 2456 263 2496 ac
275 2451 382 2496 sanctas
395 2437 470 2496 lecit.
510 2437 598 2496 Salios
613 2437 679 2496 item
694 2438 840 2496 duodecim
855 2437 942 2495 Marti
955 2437 1057 2496 Gradi-

119 2534 155 2571 vo
174 2515 249 2591 legit,
271 2518 434 2593 tunicaeque
455 2517 545 2595 pictae
567 2517 673 2593 insigne
692 2516 770 2574 dedit
788 2529 817 2574 et
836 2536 919 2592 super
935 2517 1056 2574 tunicam

119 2613 236 2652 aeneum
248 2597 354 2673 pectori
367 2609 497 2672 tegumen
508 2617 517 2653 r
533 2595 715 2671 coelestiaque
725 2615 808 2662 arma,
818 2615 887 2672 quae
897 2595 995 2653 ancilia
1009 2615 1058 2670 ap-

120 2673 264 2748 pellantur,
278 2677 356 2742 ferre,
376 2695 409 2734 ac
424 2695 474 2752 per
490 2674 586 2732 urbem
600 2675 639 2733 ire
658 2687 787 2732 canentes
801 2675 920 2732 carmina
931 2695 994 2732 cum
1009 2674 1057 2732 tri-

120 2752 212 2830 pudiis
225 2755 385 2830 solenuique
398 2753 498 2812 saltatu
513 2752 605 2830 jussit.
645 2753 807 2812 Pontificem
822 2754 922 2812 deinde
936 2753 1057 2810 Numam

60 2871 61 2876 κ
121 2830 271 2902 Marcium,
284 2833 374 2892 Marci
388 2833 483 2900 filium,
498 2853 533 2890 ex
548 2833 674 2890 Patribus
688 2833 764 2908 legit,
785 2833 865 2908 eique
878 2853 955 2890 sacra
968 2833 1060 2890 onnia

121 2912 257 2989 excripta
264 2913 458 2989 exsignataque
466 2911 608 2978 attribuit3
624 2912 723 2986 quibus
733 2911 837 2981 hostiis,
846 2913 944 2987 quibus
953 2912 1058 2978 diebus,

121 2990 158 3046 ad
171 3011 241 3064 quae
254 2993 356 3069 templa
368 3011 445 3051 sacra
458 2992 562 3058 fierent,
576 3003 659 3065 atque
676 2991 750 3048 uude
763 2992 791 3048 in
811 3011 859 3048 eoa
873 3004 999 3067 sumptus
1012 3010 1059 3066 pe·

123 3071 205 3128 cuuis
216 3085 381 3148 erogaretur.
422 3072 523 3131 Cetera
538 3071 647 3147 qunque
666 3070 759 3128 omnia
774 3070 884 3146 publica
901 3071 1059 3147 pnvatsque

133 3269 135 3276 ,
158 3230 165 3258 ¹
184 3229 261 3278 There
272 3231 292 3278 is
310 3229 473 3278 considerable
489 3228 643 3292 discrepancy
654 3229 680 3276 in
696 3229 737 3276 the
748 3229 842 3277 various
859 3237 973 3277 accounts
989 3227 1060 3290 given

124 3297 153 3344 of
162 3298 265 3346 Numa's
274 3313 338 3360 year.
366 3300 420 3346 'l'he
431 3297 542 3359 previous
554 3297 655 3344 division
667 3297 714 3343 had
725 3299 784 3344 been
798 3297 848 3344 into
866 3296 895 3345 10
906 3295 1010 3351 months,
1020 3297 1060 3342 be·

124 3365 228 3429 ginniug
239 3365 296 3412 with
315 3367 408 3414 March.
444 3367 496 3414 The
512 3375 560 3412 two
577 3379 630 3411 new
648 3365 745 3410 months
762 3379 823 3411 were
834 3365 943 3427 January
954 3362 1002 3410 and
1017 3363 1061 3410 Fe-

124 3435 221 3496 bruary.
257 3434 281 3481 A
293 3433 364 3480 lunar
375 3447 438 3496 year,
450 3432 581 3495 consisting
592 3433 621 3479 of
629 3429 679 3480 354
689 3431 755 3493 days,
768 3440 842 3478 wauts
859 3435 1003 3494 (rictumque
1014 3433 1062 3478 dica

125 3505 195 3550 solido
206 3501 293 3562 unua)
314 3500 343 3549 10
359 3500 418 3565 days
435 3500 451 3548 ⁵
467 3501 540 3550 nours
556 3501 590 3549 ta
606 3499 711 3548 minutas
722 3509 747 3547 to
758 3498 875 3562 complete
886 3501 925 3546 the
942 3513 1006 3560 year,
1020 3502 1062 3562 qui

126 3572 243 3620 solstitiali
252 3573 419 3632 circumagitur
430 3571 491 3618 orbe.
