2224 3862
424 249 549 310 LIBER
569 247 625 312 111.
932 249 990 307 217

72 408 145 468 rere¹.
183 409 239 469 Ubi
250 429 339 486 quum
356 410 391 467 da
406 411 488 468 rebus
503 410 538 468 ab
551 429 581 468 so
594 408 679 486 gestia
692 418 813 485 agerent,
828 406 919 486 questi
932 407 988 484 pri·

69 507 141 547 norea
159 489 282 556 Petrum,
301 497 448 548 ‘senatum
466 490 539 547 iuter
559 487 660 547 milites
673 488 768 548 dedita
779 489 865 565 operi
876 488 988 545 terroris

71 569 154 625 ‘unsri
172 567 284 626 haben!
324 569 422 645 ltaque
435 568 500 627 inde
514 568 650 635 consules,
663 585 699 625 ne
712 567 897 626 criminationi
909 567 988 624 locus

68 660 131 716 suet,
148 648 174 704 iu
193 661 273 724 prata
287 648 429 716 Flaminia,
443 649 491 707 ubi
504 667 578 706 nurrc
590 648 673 706 aedes
687 647 826 724 Apollinis
845 659 896 716 ert,
914 645 987 724 (jam

68 739 113 782 tum
136 728 323 802 Apollinarem
350 727 548 804 appellabant.)
575 745 723 785 avocavere
750 739 884 784 senatum.
930 727 987 786 Ubi

64 823 134 878 quum
147 807 252 882 ingenti
266 827 402 865 consensu
416 807 529 865 Patrum
543 817 690 882 negaretur
702 805 866 882 triumphus,
886 805 921 862 L.
935 805 989 863 Ici-

65 883 105 940 lius
121 886 242 943 tribunus
255 886 344 962 plebis
357 887 421 944 tulit
433 887 468 944 ad
481 887 614 964 populum
629 887 664 944 de
677 885 818 962 triumpho
831 887 984 954 consulum,

66 963 139 1020 uultis
156 966 312 1022 dissuasum
333 965 541 1042 prodeuntibus,
561 965 681 1023 maxime
700 965 733 1023 C.
752 965 870 1023 Claudio
883 967 983 1024 vocife-

65 1055 132 1110 rante,
151 1043 219 1102 ‘De
243 1045 378 1114 Patribus,
395 1065 450 1102 non
471 1045 507 1102 da
526 1045 660 1112 hostibus,
676 1045 802 1102 musuleo
816 1043 984 1120 triumphare

66 1121 155 1190 ‘relle;
174 1124 348 1200 gratiamque
366 1145 416 1202 pro
429 1125 535 1202 privato
548 1123 648 1182 merito
660 1124 689 1180 in
702 1125 851 1190 tribunum,
865 1141 920 1180 uon
934 1143 984 1201 pro

63 1199 165 1259 ‘virtute
178 1201 322 1270 bonorem,
336 1205 403 1280 peti.
445 1203 595 1280 Nunquam
608 1205 673 1262 ante
683 1203 718 1261 de
727 1202 866 1280 triumpho
877 1221 927 1278 per
933 1221 983 1338 po·

65 1281 158 1353 ‘pulum
172 1296 276 1349 actum,
291 1303 400 1359 semper
412 1284 630 1343 aestimationem
644 1281 841 1358 arbitriumqu'a
861 1282 921 1360 ejus
953 1301 984 1339 o·

64 1360 140 1416 ‘noris
157 1381 244 1437 penes
263 1375 388 1420 senatum
401 1363 495 1420 luisse.
536 1362 580 1420 No
594 1381 673 1439 reges
687 1362 797 1437 quidem
813 1361 984 1440 majestatem

64 1441 163 1496 ‘summi
183 1442 289 1498 ordinis
309 1442 488 1499 imminuisse.
530 1441 575 1499 Ne
588 1442 627 1499 ita
641 1443 733 1499 omnia
745 1441 848 1498 tribuni
862 1453 983 1518 potesta·

63 1516 105 1573 ‘tis
121 1538 183 1576 suae
202 1521 358 1596 implerent,
380 1535 412 1579 ut
429 1521 535 1579 nullum
549 1521 689 1598 publicum
704 1521 847 1580 consilium
862 1521 983 1578 sinerent

62 1599 132 1654 ‘esse
170 1599 214 1656 lta
228 1601 342 1657 demum
355 1601 467 1659 liberam
482 1601 621 1659 civitatem
629 1601 697 1669 sora,
710 1600 749 1658 itu
757 1613 886 1676 aequatae
897 1600 981 1676 leges,

62 1674 95 1729 ‘ei
113 1696 157 1734 sua
177 1680 296 1754 quisque
310 1679 375 1754 jura
393 1681 470 1748 ordo,
498 1699 575 1737 suam
600 1679 771 1758 majestatem
796 1678 906 1738 teneat!
946 1677 982 1737 Iu

60 1755 153 1814 eaodem
167 1759 333 1817 sententiam
343 1760 430 1818 multa
438 1773 467 1817 et
476 1779 493 1817 a
501 1760 599 1817 ceteris
607 1759 760 1818 senioribus
772 1759 883 1818 Petrum
893 1777 981 1834 quum

60 1847 131 1892 eunt
144 1837 226 1907 dieta,
237 1855 332 1895 omnes
342 1839 430 1896 tribua
440 1857 499 1897 earn
510 1839 679 1916 rogationem
690 1839 863 1915 acceperunt.
904 1837 980 1895 Tum

61 1910 164 2024 pulpum,
184 1918 246 1976 sine
265 1919 428 1976 auctoritate
442 1917 562 1988 senatis,
582 1917 678 1996 populi
686 1917 767 1996 jussu
780 1917 980 1994 triumphatum

60 2002 114 2048 etl.
296 2019 300 2028 ’

87 2068 181 2132 LXIV.
203 2076 286 2135 Haec
300 2077 414 2135 victoria
426 2078 598 2136 tribunorum
612 2076 754 2153 plebisque
766 2093 852 2152 prope
866 2074 894 2131 iu
904 2072 980 2132 lraud

59 2147 171 2211 salubrem
192 2156 329 2214 luxuriam
344 2158 435 2225 vertit,
455 2155 656 2234 conspiratione
674 2153 747 2213 inter
759 2155 883 2212 tribunos
896 2154 977 2223 tacta,

60 2239 82 2282 ut
99 2229 174 2290 iidem
194 2235 299 2293 tribuni
320 2237 505 2305 reficerentur,
527 2249 564 2304 at,
585 2253 641 2312 quo
660 2253 711 2293 sua
730 2233 820 2291 minus
840 2233 977 2311 cupiditas

57 2307 175 2380 emineret,
185 2313 345 2372 consulibus
356 2318 466 2390 quoque
474 2315 666 2373 continuarent
675 2313 873 2390 magistratum.
902 2311 977 2372 Con·

58 2401 146 2476 tensum
157 2393 272 2452 Patrunr
282 2397 473 2463 causabantur,
488 2403 561 2470 ‘quo
571 2413 620 2472 por
628 2393 822 2453 contumeliam
832 2393 976 2452 consulum

59 2469 120 2555 ‘Jtra
131 2471 217 2546 plebis
230 2474 363 2531 labefacta
372 2487 477 2532 *essent
517 2475 594 2538 Quid
607 2475 739 2542 futurum,
753 2474 876 2531 noudum
885 2473 977 2530 firma·

58 2546 100 2601 ‘tu
116 2547 227 2624 legibus,
247 2554 271 2609 si
293 2572 379 2610 novoe
398 2553 523 2611 tribunos
539 2573 589 2632 per
610 2553 743 2612 motiones
768 2572 832 2610 suae
849 2552 976 2610 consules

72 2623 145 2684 adorti
159 2631 273 2690 essent?
295 2632 360 2688 Non
374 2633 447 2690 enim
456 2633 698 2710 semperValerios
707 2632 895 2706 Horatiosque
908 2651 974 2689 con·

58 2703 210 2797 1ιξιΙεεῑοιο,
226 2711 273 2786 qui
285 2711 404 2768 libertati
418 2712 505 2788 plebis
518 2731 582 2770 enas
595 2731 662 2788 opes
669 2709 851 2789 postferrent'
876 2710 974 2769 'Forte

57 2784 151 2851 quedam
172 2791 233 2847 utili
252 2791 286 2847 ad
307 2803 427 2867 tempus,
446 2804 479 2849 ut
495 2791 617 2850 comitiis
636 2803 783 2868 praeesset,
798 2789 972 2867 potissimum

56 2853 88 2948 ll·
97 2860 186 2925 Duilio
198 2881 272 2926 sorte
282 2871 382 2936 everrit,
393 2870 453 2928 viro
462 2871 600 2947 prudenti,
610 2883 640 2930 et
652 2890 687 2929 ex
695 2869 901 2928 continuatione
914 2889 972 2927 ma·

54 2945 161 3007 patratis
181 2947 311 3007 invidiam
331 2949 521 3008 imminentem
535 2950 666 3008 cernenti.
707 2949 765 3014 Qui
778 2969 863 3025 quum
877 2968 912 3006 ex
926 2969 973 3008 ve·

55 3018 138 3082 teribus
151 3027 268 3085 tribunis
281 3042 395 3104 negaret
409 3037 417 3064 ‘
430 3029 513 3087 ullius
525 3049 556 3088 aa
569 3029 702 3088 rationem
714 3027 889 3096 habiturum‚'
902 3049 972 3106 pug-

54 3110 183 3180 narentque
196 3108 326 3183 collegae,
343 3119 350 3144 ·
364 3121 397 3166 ut
410 3109 509 3166 liberae
522 3108 610 3166 tribue
623 3108 653 3166 in
666 3108 825 3185 suffragium
840 3109 971 3176 mitteret,

55 3177 108 3234 ‘unt
119 3187 277 3248 concederet
291 3197 392 3246 sortem
407 3188 581 3246 comitiomm
596 3188 715 3264 collegis,
733 3187 866 3246 habituris
879 3208 895 3246 e
909 3189 970 3263 lege
1076 3185 1080 3193 “

53 3255 146 3328 ‘latiis
164 3266 283 3336 comitia,
305 3265 388 3342 qubm
409 3288 444 3326 ex
464 3268 605 3326 voluntate
624 3267 739 3328 Petrum
750 3266 765 3336 ;'
785 3267 886 3346 injecti
905 3286 970 3324 con-

70 3397 83 3476 ι’
98 3405 227 3470 Evomuere,
245 3413 389 3464 summoned
406 3423 450 3462 out
461 3415 490 3462 of
503 3415 543 3462 the
560 3413 617 3478 city.
654 3415 695 3463 No
712 3413 848 3477 magistrate
864 3410 971 3459 invented

53 3467 96 3515 W'lh
111 3476 209 3542 military
220 3495 301 3542 power
318 3481 390 3530 could
408 3492 475 3530 enter
492 3484 533 3530 the
544 3481 601 3544 city·
638 3483 690 3531 The
708 3481 805 3529 consuls
815 3493 877 3524 were
894 3477 972 3523 there-

51 3531 92 3582 lore
100 3542 196 3607 obliged,
209 3563 240 3594 on
253 3547 299 3595 thia
311 3549 430 3610 occasion,
444 3559 469 3598 to
481 3564 588 3599 convene
599 3547 639 3598 tbe
647 3557 728 3598 senate
737 3547 838 3594 without
844 3545 885 3592 the
893 3542 969 3592 walls.

49 3599 58 3627 ²
71 3603 135 3672 &en
147 3613 200 3674 156,
213 3624 268 3664 nore
280 3613 303 3665 2.

477 3701 496 3742 Τ
