2230 3846
98 201 154 256 102
474 191 521 258 (T.
538 192 642 258 nlvn

98 362 187 423 ‘rem
206 377 223 415 a
240 374 296 434 quo
312 359 471 434 provocatio
490 376 546 416 non
565 371 616 427 est,
636 370 787 416 creemus1.
826 355 890 416 Jam
911 355 969 425 hic,
991 355 1062 432 quo

100 442 109 471 ⁴
122 455 196 494 nunc
215 437 307 494 omnia
320 440 424 506 ardent,
439 439 606 496 conticescet
617 438 700 494 furor.
735 437 832 495 Pulset
845 450 905 494 tum
916 437 989 494 mihi
1006 439 1065 494 lic-

102 522 111 549 ‘
125 528 221 585 torem,
236 517 284 592 qui
298 518 375 585 sciet,
384 517 431 593 jus
445 520 480 575 de
494 531 571 593 tergo
585 518 694 592 vitdque
708 518 758 574 suit
771 533 856 594 penes
866 537 953 573 unum
970 515 1063 573 illum

103 603 193 661 ‘esse
208 597 287 672 cujus
301 595 471 672 majestatem
486 596 613 654 violavit!

142 673 237 732 XXX.
257 674 367 743 Multis,
387 689 419 733 ut
439 689 505 744 erat,
527 675 636 732 horrida
656 688 685 732 et
703 687 783 733 atrox
797 675 941 732 videbatur
957 673 1062 750 Appii

102 755 253 812 sententie:
274 773 368 812 rursus
381 756 499 830 Virginii
512 754 655 829 Lartiiqne
673 755 799 830 exemplo
818 754 891 811 houd
904 753 1061 819 salubrem

100 834 197 908 utique
207 833 294 891 Lurtii
305 835 437 910 putebant
447 835 619 900 sententiam,
631 853 700 908 quae
711 847 796 890 totam
808 834 892 890 fidem
902 833 1023 890 tolleret
1035 837 1059 888 ².

102 910 231 969 Medium
248 915 367 970 maxime
388 927 416 970 et
437 915 608 970 moderatum
628 927 746 988 utroque
766 913 909 970 consilium
925 911 1060 986 Verginii

82 989 260 1049 habebatur.
304 993 361 1050 Sed
384 993 501 1050 lectione
524 1005 706 1068 respectuque
729 1009 821 1048 rerum
844 990 1058 1067 pnvammm³‚

101 1089 171 1144 quoe
189 1089 298 1148 semper
317 1071 433 1129 offecere
455 1072 629 1145 officientque
649 1072 764 1148 publicis
782 1069 911 1136 consiliis,
931 1069 1057 1147 Appius

100 1150 184 1207 vicit:
205 1170 237 1208 ae
250 1169 336 1226 prope
350 1152 410 1219 fuit,
431 1164 463 1208 ut
481 1152 598 1208 dictator
618 1151 664 1207 ille
684 1151 757 1207 idem
772 1161 921 1208 crearetur.
963 1149 1056 1212 Quae

100 1247 144 1284 ree
158 1230 254 1304 utique
268 1230 412 1287 alieudseet
430 1231 537 1306 plebem
551 1230 781 1306 periculosissimo
800 1243 933 1303 tempore,
957 1246 1056 1301 quum

97 1307 195 1365 ⁴Volsci
209 1310 358 1384 Aequique
371 1323 400 1366 et
415 1309 509 1366 Sabini
522 1311 592 1366 forte
614 1308 669 1365 und
688 1327 783 1365 omnes
802 1307 831 1364 in
845 1308 927 1364 armis
941 1320 1055 1364 esseut.

96 1385 159 1442 'Sed
173 1407 255 1444 curae
267 1389 319 1444 fuit
332 1389 489 1445 oonsulibus
502 1401 531 1445 et
544 1389 695 1444 renioribue
709 1389 829 1453 Petrum,
844 1398 876 1443 ut
885 1387 1054 1460 imperium,

94 1463 174 1522 uuo4
188 1465 344 1534 vehemens,
366 1481 508 1524 mansueto
521 1467 726 1542 permitteretur
745 1465 864 1540 ingenio.
912 1464 1054 1522 Manium

101 1543 242 1601 Valerium
257 1545 418 1602 dictatorem
434 1546 528 1602 Volesi
548 1547 635 1602 filium
654 1557 756 1604 creant.
798 1545 905 1612 Plebes,
926 1545 981 1600 etsi
997 1546 1054 1602 ad-

100 1643 195 1680 versus
209 1645 239 1680 se
252 1636 374 1682 creatum
389 1625 549 1682 dictatorem
564 1627 682 1692 videbat,
696 1637 797 1690 temen,
812 1643 898 1698 quum
910 1643 1052 1699 provoce-

99 1703 204 1760 'tiouem
218 1703 327 1760 lratris⁵
344 1705 403 1779 lege
418 1703 538 1772 haberet,
552 1703 620 1760 nihil
635 1723 670 1760 ex
683 1705 717 1760 ed
729 1703 833 1759 familie
845 1703 924 1759 triste
934 1721 988 1758 nee
999 1721 1051 1758 su·
1108 1715 1109 1722 ’

99 1783 214 1856 perbum
229 1784 351 1840 timebat.
393 1783 523 1840 Edictum
543 1783 651 1848 deinde,
664 1786 689 1839 'a
707 1783 841 1838 dictatore
860 1781 1050 1858 propositum,

100 1861 270 1919 confirmavit
283 1863 397 1930 animos,
417 1862 524 1919 Servilii
537 1863 593 1918 fere
607 1861 726 1919 consulis
740 1860 851 1932 edicto⁶
865 1860 1049 1918 conveniens.

95 1940 157 1997 'Sed
171 1953 199 1998 et
212 1939 317 1998 homini
330 1955 359 1998 et
371 1943 501 2018 potestati
512 1941 608 1997 melius
619 1941 670 1998 reti
680 1941 763 2007 credi,
778 1940 880 1996 omisso
890 1939 1050 1997 certamine

96 2019 209 2077 nomina
223 2021 332 2078 dedere.
374 2022 502 2085 Quantus
515 2039 654 2096 nunquam
669 2022 733 2076 ante
750 2020 897 2085 exercitus,
918 2019 1047 2094 legiones

98 2099 195 2156 decem
209 2100 339 2158 effectae:
360 2112 453 2158 ternae
467 2101 531 2157 inde
545 2101 625 2157 datae
639 2099 805 2165 consulibus,
822 2110 942 2172 quatuor
955 2099 1047 2156 diota-

93 2189 141 2235 tor
154 2196 228 2236 usus.
271 2179 331 2236 Neo
345 2191 452 2255 poterat
460 2177 519 2255 jam
533 2179 636 2236 bellurn
648 2177 758 2234 differri.
800 2178 894 2252 Aequi
907 2177 1046 2234 Latinum

95 2275 191 2330 agrum
213 2261 375 2315 invaserunt.
426 2259 557 2315 Oratores
575 2257 738 2314 Latinorum
758 2275 775 2313 a
795 2270 892 2313 uenatu
910 2258 1046 2332 petebant

96 2345 104 2370 ⁴
119 2349 150 2392 ut
164 2349 212 2392 aut
225 2338 367 2394 mitterent
380 2337 541 2404 subsidium,
562 2349 610 2394 aut
628 2357 658 2392 se
675 2336 750 2412 ipsos
763 2336 929 2392 tuendorum
943 2336 1045 2394 finium

98 2416 201 2472 ‘cause
214 2435 311 2490 cupere
322 2435 397 2472 orme
407 2415 544 2472 sinerent!
572 2416 672 2472 Tutius
682 2415 770 2472 visum
782 2426 832 2480 est,
847 2416 958 2471 defendi
969 2416 1045 2474 iuer·

96 2512 155 2550 mes
175 2493 299 2562 Latinos,
320 2493 402 2569 qubm
422 2497 479 2570 pati
499 2505 646 2552 retractare
665 2513 748 2552 erma.
789 2493 923 2550 Vetusius
943 2497 1042 2552 consul
1065 2552 1071 2563 ,

94 2575 196 2629 missus
210 2585 261 2630 est.
288 2575 316 2630 ls
330 2575 392 2631 finis
406 2575 628 2649 populationibus
641 2575 701 2630 luit.
730 2575 845 2630 Cessere
857 2573 951 2647 Aequi
965 2593 1041 2630 cam·

95 2653 154 2727 pis:
171 2653 286 2728 locoque
301 2655 395 2729 mogis,
416 2653 498 2728 qudm
513 2653 603 2720 armis,
618 2655 689 2718 freti,
704 2653 817 2708 summis
831 2673 861 2708 ee
870 2651 946 2727 jugis
961 2667 1040 2710 mon-

92 2733 166 2788 'tlum
179 2737 346 2789 tutabantur.
387 2735 468 2790 Alter
486 2734 590 2801 consul,
607 2734 635 2788 in
651 2732 767 2789 Volscos
785 2732 933 2806 profectus,
955 2751 993 2788 ne
1011 2745 1040 2790 et
1108 2775 1109 2778 κ

94 2813 154 2885 ipse
169 2823 269 2868 tereret
283 2825 400 2888 ternpus,
422 2813 560 2868 vastandis
575 2813 692 2868 maxime
710 2811 782 2884 agris
800 2809 909 2866 hostem
922 2813 958 2868 ad
973 2831 1039 2868 ron-
1108 2805 1109 2870 ζ

92 2891 205 2947 ferenda
218 2892 329 2966 propius
347 2905 435 2949 castra
455 2891 696 2964 dimicandumque
713 2889 772 2946 orie
786 2889 896 2946 excivit.
938 2889 1039 2948 Medio
1108 2933 1109 2954 t

93 2972 166 3028 inter
178 2985 267 3028 cestra
279 2991 386 3048 cumpo,
405 2984 469 3028 unte
483 2991 563 3028 suum
578 2971 693 3046 quisque
707 2969 816 3036 vallum,
831 2969 938 3025 infestis
951 2969 1038 3044 siguis
1108 3039 1109 3044 Ἰ

29 3068 33 3075 ”
128 3067 137 3097 ¹*
149 3071 192 3118 See
203 3087 227 3132 p.
246 3071 282 3127 16,
295 3078 352 3116 note
367 3067 386 3114 l.
457 3067 636 3121 'Harmodio
664 3065 704 3112 On
716 3065 756 3110 the
768 3065 836 3110 other
846 3063 920 3120 hand,
931 3065 991 3125 they
1002 3079 1038 3112 re·
1108 3057 1109 3060 ¹

93 3137 184 3197 garded
196 3153 221 3185 as
233 3138 376 3200 derogemus,
389 3135 451 3181 from
463 3135 504 3182 the
515 3133 653 3193 precedente
664 3133 720 3194 they
731 3131 863 3185 furnished¹
876 3133 916 3178 the
926 3131 1038 3191 opinions
1108 3183 1109 3200 χ

92 3205 123 3250 uf
132 3205 258 3266 Virginius
267 3205 314 3251 end
326 3203 431 3259 Lartius,
443 3201 568 3263 especially
579 3202 628 3246 thet
637 3200 666 3246 of
675 3200 780 3255 Lartius,
791 3199 873 3261 (quoe,
884 3199 980 3260 quippe
988 3201 1037 3261 ea‚)
1108 3223 1109 3248 l

92 3273 158 3320 since
169 3273 188 3318 it
199 3272 325 3320 subverted
337 3270 369 3317 all
381 3269 465 3316 credit.
533 3269 543 3297 ¹
555 3269 606 3314 The
618 3277 723 3314 senators
732 3281 794 3313 were
803 3268 844 3312 the
853 3267 974 3326 ¹prineipul
987 3283 1037 3314 ere.
1108 3271 1109 3276 ’

93 3339 176 3399 ditors,
194 3340 242 3386 and
259 3338 376 3386 therefore
390 3351 470 3382 averse
486 3344 511 3382 to
529 3351 576 3398 any
596 3348 703 3381 measure
720 3335 798 3380 which
816 3333 906 3380 tended
923 3345 948 3380 to
966 3335 1037 3397 bring
1108 3369 1109 3374 ,

93 3410 167 3454 about
178 3425 192 3454 e
204 3405 361 3467 composition
374 3404 403 3449 ol
410 3405 450 3450 the
462 3403 530 3449 debts
541 3403 590 3450 due
600 3404 673 3449 them.
741 3401 751 3430 ⁴
761 3407 816 3458 Suo,
829 3401 918 3462 supply
930 3405 1035 3464 ingenio,
1108 3403 1109 3440 1

93 3475 117 3520 in
129 3477 161 3522 its
171 3491 226 3522 own
239 3486 329 3520 ueture.
401 3471 411 3500 θ
429 3475 530 3520 Munius
548 3475 652 3519 Volerr'us
663 3483 712 3516 wes
720 3469 760 3516 the
771 3471 868 3517 brother
879 3470 908 3516 os
918 3469 947 3518 P.
963 3471 1035 3518 Vale·
1108 3509 1109 3528 2

91 3541 142 3590 rius
154 3541 285 3604 Poplicola.
355 3539 365 3566 ⁶
385 3538 428 3585 See
442 3539 517 3600 Chap.
532 3537 571 3586 el.
