2230 3846
109 205 166 261 150
484 203 533 264 ·T.
555 195 668 266 Ltvn‘
747 261 752 276 ,

109 374 187 420 metu
207 363 337 430 substitit,
357 381 393 420 ns
413 377 476 439 qua,
498 383 533 422 ex
552 376 629 440 parte
648 363 742 431 alteri,
761 362 790 419 in
804 373 892 420 castra
904 363 946 421 ris
958 364 1052 423 limet.

111 441 224 498 Furium
245 443 364 517 legatum
385 443 483 518 (frater
502 444 576 500 idem
596 444 716 502 consulis
734 439 803 512 erat)
822 442 1056 519 longidsextu'lic

110 539 225 578 cursus:
245 541 297 578 nec
316 541 381 578 suos
401 522 447 579 ille
465 523 622 591 redeuntes,
642 521 824 598 persequendi
837 523 941 590 studio,
956 543 1055 598 neque

110 598 230 657 hostium
244 600 281 657 ab
294 613 371 676 tergo
384 602 523 658 incursum
538 602 616 658 vidit.
653 601 699 658 lta
711 601 848 670 exclusus,
859 602 954 658 multis
964 623 1057 679 saepe

110 679 210 736 frustra
222 681 364 737 conatibus
377 679 465 756 captis
474 687 490 746 ¹,
503 691 537 737 ut
550 680 621 738 viam
636 680 688 736 sibi
702 681 737 737 ad
750 691 839 738 castra
851 681 964 747 faceret,
979 683 1056 738 acri·

108 770 153 815 ter
171 759 303 816 dimicans
322 759 431 816 cecidit.
471 759 510 816 Et
529 760 634 826 consul,
648 759 749 816 nuncio
762 759 942 816 circumventi
955 761 1056 817 fratris

109 853 257 894 movemus
276 839 312 895 ad
331 855 460 914 pugnarn,
481 839 548 894 darn
568 859 598 895 se
618 851 722 895 temere
744 839 841 912 magis,
867 837 951 912 quim
979 839 1057 896 satis

108 919 197 984 caute,
211 917 241 973 in
254 918 372 974 mediam
384 917 586 974 dimicationem
600 917 690 984 infert,
705 917 816 973 vulnere
829 931 952 992 accepto,
963 937 1056 994 aegre

106 997 143 1054 ab
162 997 401 1054 circumstantibus
419 1008 538 1072 ereptus,
559 1007 588 1053 et
606 1015 718 1052 suorum
738 996 845 1052 animos
864 997 997 1064 turbavit,
1022 1011 1056 1054 et

107 1075 254 1134 ferociores
267 1075 360 1133 hostes
372 1077 447 1132 fecit.
486 1076 552 1138 Qui,
566 1077 651 1132 caede
664 1075 749 1150 legati
760 1087 789 1132 et
802 1075 920 1132 consulis
931 1075 1055 1134 vulnere

107 1156 223 1222 accensi,
243 1155 320 1211 nullis
338 1155 437 1212 deinde
452 1155 478 1210 vi
498 1155 625 1210 sustineri
641 1169 766 1230 potuere,
787 1159 894 1228 qaum²
909 1156 1054 1231 compulsi

107 1233 136 1288 in
156 1247 244 1292 castra
265 1234 384 1291 Romani
404 1253 497 1290 rursus
517 1235 715 1301 obsiderentur,
733 1252 786 1306 nep
801 1252 860 1308 spe,
874 1253 926 1290 nec
939 1233 1050 1292 viribus

106 1329 201 1387 pares;
222 1313 395 1388 venissetque
409 1314 436 1368 in
451 1313 604 1389 pericnlum
617 1331 726 1369 summa
738 1331 840 1380 rerum,
854 1313 883 1368 ni
894 1311 928 1368 T.
938 1313 1047 1376 Quinc-

106 1391 162 1447 tius
181 1393 330 1468 peregrinis
350 1391 437 1467 copiis
456 1412 519 1448 curu
534 1391 635 1448 Latino
650 1391 829 1466 Hernicoque
841 1391 967 1448 exercitu
980 1393 1048 1449 sub-

106 1471 235 1526 venisset.
274 1470 312 1538 Is,
332 1467 452 1526 intentos
472 1471 500 1526 in
521 1484 610 1528 castra
627 1471 754 1526 Romana
771 1471 887 1544 Aequos
906 1469 1049 1546 legatique

105 1561 188 1624 caput
201 1549 328 1606 ferociter
340 1562 509 1606 ostentantes
522 1551 556 1606 ab
570 1563 648 1624 tergo
661 1551 781 1616 adortus,
796 1549 877 1606 simul
890 1550 925 1606 ad
934 1549 1048 1625 signum

105 1646 122 1682 a
142 1647 173 1684 se
191 1629 286 1704 procul
307 1629 410 1685 editum
432 1649 467 1686 ex
484 1629 580 1684 castris
593 1631 736 1703 eruptione
749 1629 830 1696 facti,
846 1648 975 1706 magnam
989 1629 1048 1687 viru

98 1705 225 1763 ,hostium
246 1708 433 1764 circumuenit¹
473 1705 569 1762 Minor
589 1709 695 1773 caedes,
715 1708 781 1782 fraga
799 1706 913 1764 effusior
927 1711 1046 1782 Aequo-

103 1805 164 1842 rum
179 1786 206 1841 in
219 1805 286 1862 agro
299 1787 351 1843 fuit
360 1787 496 1844 Romano.
537 1785 569 1842 ln
578 1806 647 1861 quos
655 1786 770 1862 palatos,
779 1788 908 1861 praedam
918 1802 1045 1862 agentes,

103 1865 264 1922 Postumius
283 1866 386 1942 aliquot
406 1867 482 1932 locis,
503 1866 601 1939 quibus
615 1877 769 1941 opportuna
782 1867 950 1941 imposuerat
964 1887 1046 1942 prae-

103 1944 180 2012 sidia,
194 1945 328 2021 impetum
343 1947 429 2002 dedit.
468 1945 493 2003 li
502 1945 575 2015 vagi,
589 1946 721 2020 dissipato
733 1944 842 2020 agmine
855 1945 1004 2019 fugientes,
1016 1947 1045 2002 in

102 2024 264 2087 Quinctium
279 2025 418 2092 uictorem,
440 2045 504 2082 cum
525 2024 619 2080 saucio
638 2024 750 2081 consule
767 2036 960 2091 revertentem,
975 2025 1047 2082 inci-

103 2103 176 2160 dere.
218 2104 291 2161 Tum
305 2105 455 2162 consularis
469 2105 605 2162 exercitus
619 2103 730 2178 egregiis
741 2103 835 2178 pugnis
848 2104 968 2160 consulis
982 2105 1045 2160 rul-

100 2201 161 2250 nus,
182 2183 264 2258 legati
285 2196 314 2240 et
334 2184 486 2240 cohortium
506 2185 581 2240 ultus
595 2196 637 2240 est
650 2183 772 2239 caedem.
812 2181 934 2254 Magnae
948 2183 1047 2240 clades

100 2262 173 2316 ultro
186 2264 309 2336 citroque
323 2263 375 2318 illis
389 2263 487 2318 diebus
500 2277 529 2320 et
542 2261 632 2318 illatae
646 2275 675 2318 et
687 2273 827 2337 acceptae.
867 2260 993 2318 Difficile
1006 2263 1046 2320 ad

100 2341 184 2396 fidem
205 2353 247 2396 est
266 2342 294 2396 in
315 2353 372 2398 tam
392 2342 504 2415 antiqui
517 2362 555 2408 re,
570 2353 637 2415 quot
650 2341 833 2416 pugnaverint
846 2340 1043 2408 ceciderintve,

99 2432 196 2476 exacto
216 2419 351 2476 affirmare
378 2440 501 2476 numero.
543 2421 640 2492 Audet
662 2433 754 2476 tamen
782 2419 883 2476 Antias
912 2419 1044 2476 Valerius

99 2498 243 2574 concipere
263 2517 400 2553 summas:
422 2499 586 2556 ‘Romanos
607 2499 738 2556 cecidisse
762 2499 790 2554 in
819 2497 944 2556 Hernico
974 2519 1043 2575 agro

99 2578 242 2652 ‘quinque
262 2576 347 2632 millia
360 2596 392 2633 ac
406 2589 560 2633 trecentos:
582 2597 616 2633 ex
630 2577 837 2654 praedatoribus
855 2578 1043 2652 Aequorum*
1104 2629 1105 2640 ,

97 2657 145 2730 qui
155 2655 343 2732 populabundi
358 2657 384 2710 in
399 2656 498 2712 finibus
513 2656 645 2714 Romanis
661 2655 836 2730 vagabantur,
852 2665 859 2689 ‘
873 2657 907 2712 ab
920 2659 958 2714 Αἰ
968 2657 1042 2714 'Poe-¹

98 2743 106 2766 ‘
121 2735 209 2792 tumio
223 2736 335 2792 consule
349 2735 405 2790 duo
420 2736 504 2795 millia
517 2749 544 2792 et
558 2737 771 2811 quadringentos
790 2749 900 2792 caesos:
918 2749 1043 2806 ceteram,
1104 2743 1105 2786 ἐ

97 2815 334 2880 multitudinem,
355 2815 483 2890 praedam
505 2829 641 2888 agentem,
662 2835 732 2889 quae
746 2813 872 2872 inciderit
887 2815 916 2872 'tn
932 2815 1042 2878 Quinte

95 2893 198 2959 ‘tium,
219 2913 391 2968 nequaquam
409 2894 467 2968 puri
487 2895 643 2951 defunctam
668 2914 727 2952 esse
747 2891 863 2958 caedet
890 2894 1041 2954 interfecta

97 2971 183 3030 ‘inde
203 2987 321 3047 quatuor
338 2973 430 3039 millia,
453 2973 498 3040 et,'
526 2973 710 3047 exsequendos
722 2972 859 3028 subtiliter
879 2991 1041 3041 numerum·
1104 3013 1105 3036 ,

9 3155 10 3160 ,
95 3123 205 3184 Abtergo
220 3131 351 3169 castrorum
362 3119 494 3169 decumond
509 3119 578 3181 portri
595 3121 797 3184 impetussnctut.
835 3118 955 3166 Thisnas
973 3135 988 3168 a
1005 3122 1039 3168 fa·¹
1104 3127 1105 3134 ’

94 3189 186 3234 vourite
203 3203 347 3235 manoeuvre
359 3189 416 3233 with
433 3189 473 3232 the
488 3189 603 3234 Romans.
642 3189 686 3233 See
700 3187 761 3246 Livy
773 3186 820 3233 ond
834 3187 923 3234 Caesar
938 3189 1040 3250 possim,
1104 3181 1105 3234 l

94 3257 101 3284 ¹
121 3259 245 3306 conatibus
256 3259 337 3317 captis,
351 3269 434 3314 capere
446 3254 504 3300 used
521 3255 546 3300 in
563 3257 603 3301 the
620 3269 685 3299 same
697 3269 747 3314 way
760 3253 780 3300 is
792 3256 831 3302 the
842 3255 981 3314 expression
994 3263 1039 3305 im·

88 3335 148 3386 pete
160 3335 244 3387 copto:
263 3338 302 3368 see
314 3338 336 3382 p·
357 3321 408 3375 143,
422 3323 478 3367 nofe
489 3321 511 3368 4.
654 3317 664 3344 ²
683 3321 819 3369 Gronovius
830 3321 980 3385 reads·qut'n,
992 3323 1038 3370 and

93 3391 255 3452 immediately
265 3390 326 3436 after
336 3389 445 3450 Doering
455 3388 533 3448 places
542 3391 581 3435 the
590 3387 734 3448 proposition
744 3407 797 3438 oum
806 3391 889 3436 before
895 3395 1037 3452 peregrinis,

93 3459 185 3505 instead
195 3461 225 3506 of
239 3457 321 3506 before
337 3460 429 3504 Latino.
565 3457 575 3484 ³
592 3460 760 3518 Nequaquam,
773 3461 817 3506 &c
836 3457 938 3532 esca'ped
950 3459 1036 3506 aftera
1104 3497 1105 3504 ,

94 3525 216 3589 slaughter
227 3529 261 3588 by,
270 3540 303 3572 no
315 3541 397 3574 meone
409 3522 487 3585 oqunl,
499 3523 514 3572 i.
526 3541 547 3572 e.
561 3525 633 3570 much
645 3534 755 3586 greater„
853 3535 854 3544 ¹

1031 3553 1036 3572 a
1104 3557 1105 3574 t

1015 3579 1021 3586 ”
1104 3583 1105 3608 l
