2232 3862
107 221 146 282 ts
492 202 532 278 r.
555 217 655 278 nrvn

108 387 119 416 ‘¹
130 381 200 457 regis
214 379 306 438 munia
319 378 395 438 esse!
430 379 541 437 Servius
555 399 618 438 curu
633 380 726 437 treberi
738 391 767 436 et
780 380 920 438 lictoribus
934 383 1052 457 prodit:

108 479 149 528 ac,
164 461 230 518 sede
243 460 319 536 regiis
335 461 441 526 sedens,
460 460 513 516 alia
530 460 661 524 decernit,
683 461 718 515 de
737 460 797 516 aliis
816 463 1009 518 consulturum
1026 477 1061 520 se

107 559 199 614 regem
214 560 274 597 esse
287 540 404 596 simulat.
445 537 551 614 Itaque,
565 559 614 614 per
627 539 731 612 aliquot
746 539 813 605 dies,
833 559 917 614 quum
927 539 988 616 jam
1005 561 1058 597 ex·

107 620 237 694 spirisset
249 618 424 694 Tarquinius,
444 619 531 675 celatia
545 631 641 684 morte,
663 638 713 693 per
729 619 849 692 speciem
869 621 973 676 alienae
989 621 1057 676 fun-

107 700 213 774 gendae
227 699 292 756 vicis
305 717 368 754 snas
381 717 447 774 opes
461 697 587 754 firmavit.
615 697 687 754 Tum
700 698 810 752 demum
822 698 911 773 palam
923 699 1009 766 fecto,
1025 713 1056 756 et
1105 733 1106 748 t

115 799 117 802 ·
147 835 161 870 c
208 777 420 854 comploratione
428 777 457 832 in
468 778 542 852 regiis
552 777 620 842 ortis,
631 777 750 842 Servius,
760 778 889 851 praesidio
901 778 980 834 firmo
990 797 1056 834 rnu-

108 837 169 939 ¹}'76
206 857 290 921 uitus,
300 857 404 932 primus
413 855 519 932 injussu
528 856 630 932 populi,
642 856 782 912 voluntate
793 857 905 912 Petrum
915 861 1054 931 regnavit.
1105 903 1106 906 η

208 937 282 993 Anci
290 936 376 1003 liberi,
380 934 439 1011 jam
451 949 517 992 tunc
527 933 732 1011 comprehensis
743 935 854 992 sceleris
865 935 1008 1002 ministris,
1021 950 1055 994 ut
1105 953 1106 986 ff

107 1015 198 1073 virere
211 1035 313 1091 regern,
328 1027 356 1072 et
366 1027 455 1071 tantas
469 1035 528 1071 erre
543 1034 610 1090 opes
622 1013 710 1072 Servii
724 1014 884 1070 nunciatum
897 1027 948 1083 est,
965 1015 1054 1073 Sues·
1105 1061 1106 1068 ,

107 1114 165 1152 sam
181 1095 334 1152 Pometiam
348 1094 501 1151 exsulatum
515 1094 611 1150 ierant.
1105 1135 1106 1166 ,

147 1174 241 1232 XLll.
263 1173 324 1231 Nec
332 1172 389 1250 jam
404 1173 616 1249 publicismagis
626 1172 746 1229 consiliis
759 1172 878 1240 Servius,
895 1173 978 1248 quiam
994 1175 1053 1250 pri-

107 1253 186 1322 vatis,
200 1253 306 1310 munire
321 1273 387 1328 opes
397 1252 415 1308 ¹.
456 1251 495 1309 Et
508 1271 551 1318 ue,
566 1253 652 1327 qualis
667 1253 740 1308 Anci
754 1252 869 1308 liberium
881 1254 1054 1310 animusad·
1104 1275 1106 1308 r

107 1351 201 1389 versus
211 1332 390 1406 Tarquinium
399 1331 495 1398 fuerat,
506 1330 568 1387 talis
578 1332 707 1388 adversus
718 1351 748 1388 se
757 1332 898 1406 Tarquinii
909 1331 1029 1388 liberrim
1040 1333 1053 1366 2
1105 1355 1106 1407 r

108 1423 189 1478 esset,
208 1412 277 1468 duas
294 1411 363 1468 filias
374 1410 522 1486 juvenibus
537 1410 628 1485 regiis,
652 1409 741 1466 Lucio
761 1425 843 1484 etque
858 1411 962 1467 Arunti
979 1411 1053 1468 Tar·

108 1490 217 1566 quiniis,
232 1490 333 1566 jungit.
376 1489 436 1546 Nec
450 1489 524 1564 rupit
536 1501 627 1546 tamen
646 1489 695 1544 fati
714 1491 904 1547 necessitatem
920 1489 1051 1547 humanis

107 1569 235 1636 consiliis,
249 1570 314 1644 quin
329 1568 431 1625 invidia
443 1569 520 1644 regui
533 1569 615 1624 etiarn
630 1568 701 1624 iuter
711 1569 876 1626 domesticos
890 1570 974 1626 infida
989 1590 1051 1626 orn·

106 1649 471 1723 niaatqueinfestafeceret·
500 1647 707 1723 Peropportune
717 1649 751 1704 ad
762 1648 912 1723 praesentis
922 1649 1049 1724 quietem
1103 1655 1106 1708 i

106 1727 194 1784 statius
203 1727 303 1786 bellum
316 1747 378 1784 cum
389 1725 559 1802 Vejentibus‚
572 1727 643 1802 (jam
655 1726 727 1782 enim
739 1727 864 1784 induciae
875 1729 1000 1784 exierant
1010 1728 1049 1800 ³,)
1104 1767 1106 1778 ,

106 1807 221 1882 aliisque
234 1807 359 1864 Etruscis
373 1818 523 1880 sumptum.
564 1807 597 1862 ln
611 1825 644 1862 eo
660 1806 732 1862 bello
745 1818 773 1862 et
787 1807 873 1862 virtus
891 1820 919 1864 et
936 1808 1050 1864 fortuna
1103 1837 1104 1842 =

107 1885 207 1944 enituit
221 1885 314 1942 Tullii.
356 1885 484 1960 Fusoque
497 1885 600 1960 ingenti
615 1884 735 1941 hostium
751 1886 883 1951 exercitu,
902 1885 976 1942 haud
996 1888 1049 1942 du-

105 1967 167 2022 bius
180 1985 237 2031 rex,
256 1985 306 2022 seu
321 1965 442 2029 Petrum,
461 1983 511 2020 seu
529 1964 616 2038 plebis
634 1964 740 2020 animos
759 1965 965 2041 periclitaretur,
988 1967 1048 2022 Ro·
1103 1999 1104 2026 ;

105 2065 178 2103 mam
193 2045 284 2102 rediit.
324 2043 548 2119 Aggrediturque
566 2043 631 2101 inda
648 2044 774 2119 adpetis
794 2045 875 2119 longe
894 2045 1048 2100 maximum
1104 2067 1105 2070 ¹

105 2144 190 2202 opus:
211 2132 219 2160 ⁴
234 2125 283 2192 Ut,
297 2123 529 2199 quemadmodum
546 2123 638 2180 Numa
651 2123 736 2179 divini
749 2136 845 2180 auctor
853 2121 924 2197 juris
937 2125 1048 2190 fuisset,
1105 2151 1106 2187 ι

106 2205 167 2262 ‘ita
181 2203 306 2262 Serrium
321 2203 491 2260 conditorem
511 2203 599 2258 omnis
618 2203 644 2257 in
664 2203 774 2258 civitate
795 2203 958 2258 discriminis
973 2203 1047 2258 ordi·
1103 2209 1106 2238 ³

106 2291 113 2318 ‘
127 2301 258 2358 numque,
277 2282 376 2358 quibus
397 2282 471 2338 inter
481 2282 580 2355 gradus
590 2281 734 2354 ‘dignitatis
748 2282 927 2354 fortunaeque
941 2281 1047 2355 aliquid
1101 2311 1104 2316 ·

105 2363 281 2428 ‘interlucet
300 2360 402 2436 posteri
418 2358 622 2430 fama-ferrent!
663 2357 808 2414 Censum⁴
828 2360 901 2415 enim
916 2359 1046 2426 instituit,
1105 2391 1106 2426 t

104 2461 161 2500 rem
173 2440 377 2499 saluberrimam
388 2451 464 2495 tanto
474 2439 566 2494 futuro
577 2437 708 2512 imperio:
726 2457 761 2493 ex
771 2458 826 2512 quo
840 2439 903 2494 belli
915 2439 1046 2514 pacisque

104 2521 198 2578 munia
211 2539 266 2577 nou
276 2518 386 2585 viritim,
398 2519 511 2582 utente,
522 2517 570 2573 sed
582 2536 631 2591 pro
644 2515 739 2573 habitu
750 2517 925 2592 pecuniarum
938 2519 1045 2575 fierent.

78 2659 81 2668 ,
105 2601 178 2657 Tum
193 2600 291 2658 classes
305 2598 495 2670 centuriasque
506 2609 534 2652 et
544 2595 617 2653 hunc
626 2596 750 2652 ordinem
761 2595 771 2627 ⁵
784 2615 818 2654 ex
830 2597 1044 2673 ceusudescrip·

104 2679 201 2745 citrei
216 2678 277 2754 paci
290 2678 429 2743 decorum,
444 2677 487 2732 vel
501 2676 580 2732 hello.
1102 2730 1105 2737 ,

143 2757 252 2815 XLlll.
274 2757 318 2814 Ex
337 2757 379 2824 iis,
400 2755 447 2831 qui
468 2768 578 2812 centum
600 2754 714 2810 millium
735 2755 813 2821 aeris,
833 2766 882 2812 aut
902 2751 1043 2830 majorem,
1101 2791 1104 2814 ,t

104 2857 216 2896 censum
236 2837 374 2906 haberent,
395 2835 535 2910 octogiuta
554 2834 672 2890 confecit
691 2835 836 2902 centurius,
857 2835 1044 2910 quadragenas
1105 2871 1106 2874 =

137 2985 143 3015 ¹
162 2988 272 3042 Publicis,
284 2983 399 3045 referring
409 2991 433 3029 tu
443 2983 482 3029 the
491 2997 611 3030 measures
619 2979 721 3028 detailed
733 2982 758 3028 in
771 2981 811 3028 the
819 2980 930 3042 previous
939 2981 1043 3042 chapter,
1102 2999 1106 3024 ,3

9 3093 10 3096 ,
98 3057 208 3116 priuatis,
220 3064 245 3102 to
254 3053 291 3100 his
300 3051 414 3099 domestic
423 3051 499 3112 plens,
508 3050 585 3096 which
595 3064 634 3094 are
646 3048 755 3095 narrated
766 3049 791 3094 in
803 3050 843 3095 the
855 3058 912 3096 nent
923 3058 1041 3095 sentence.
1102 3045 1106 3084 ἶ

109 3118 118 3146 ¹
137 3121 269 3182 Dionysius
280 3120 427 3166 endeavours
439 3127 463 3165 at
474 3127 542 3180 great
553 3117 635 3178 length
648 3127 673 3163 to
685 3133 757 3178 prove
768 3118 819 3163 that
830 3117 895 3164 these
906 3126 973 3163 must
984 3116 1042 3162 hare

103 3191 162 3236 been
175 3190 214 3235 the
226 3186 365 3250 grandsons‚
380 3193 423 3232 not
439 3187 479 3232 the
495 3201 558 3240 sons,
571 3185 599 3230 of
610 3185 725 3246 Tarquin.
830 3185 840 3212 ⁸
859 3186 902 3232 See
915 3185 990 3244 Chap.
1007 3182 1041 3230 15.
1105 3203 1106 3226 r

103 3257 118 3284 ⁴·
131 3261 218 3308 Ceasar
234 3257 289 3302 here
301 3269 382 3300 means
393 3269 407 3300 a
418 3252 539 3300 valuation
553 3253 582 3299 of
596 3254 636 3298 the
647 3252 763 3310 iomanes,
776 3267 866 3310 names,
882 3251 929 3299 and
942 3249 1041 3296 families

102 3325 132 3372 of
139 3326 180 3372 the
191 3323 295 3380 citizens,
314 3320 442 3385 registered
456 3321 480 3366 iu
492 3322 532 3367 the
543 3319 624 3381 public
636 3320 738 3366 records.
777 3321 807 3367 In
819 3320 859 3367 the
871 3319 922 3366 first
932 3326 1041 3365 sentence

9 3423 10 3432 ,
102 3393 131 3440 of
150 3393 190 3440 the
209 3399 266 3438 next
283 3390 385 3450 chapter,
405 3388 424 3435 it
444 3404 527 3434 means
547 3387 633 3448 simply
651 3387 691 3434 the
710 3389 808 3435 fortune
828 3387 857 3434 of
875 3388 915 3434 the
936 3384 1039 3433 citizens.
1099 3429 1104 3457 1

9 3459 10 3504 ἶ
101 3460 110 3488 ⁴
125 3464 200 3511 Hunc
211 3462 321 3509 ordinem.
351 3458 404 3505 The
414 3465 582 3520 arrangement
594 3455 623 3502 ol
630 3455 670 3502 the
681 3465 741 3506 state
752 3473 778 3505 us
789 3465 813 3504 ut
824 3463 919 3518 present
929 3453 1039 3516 existiug.

9 3521 10 3526 ¹
106 3528 137 3576 ln
150 3531 189 3576 the
202 3542 266 3576 same
278 3541 329 3589 uay
343 3528 396 3577 Hoc
408 3527 535 3589 Lupercal,
552 3524 627 3586 Chap.
641 3523 664 3572 5.
