2224 3862
125 215 184 274 260
299 293 308 307 Ι
518 213 552 272 Τ.
572 212 673 272 LIVll

125 373 180 433 ‘C.
195 371 387 450 Sempronium
408 371 550 429 consulem
570 383 618 430 aut
638 372 667 429 in
687 382 811 448 tempore
832 391 954 449 pugnam
967 375 1056 444 inisse,¹

124 462 133 490 ‘
145 464 194 510 aut
206 453 328 510 firmasse
341 450 468 508 subsidiis
481 451 577 518 aciem,
592 464 640 509 aut
653 451 708 508 ullo
722 451 785 508 boni
803 453 921 510 consulis
935 453 1056 511 functum

124 531 261 590 ‘officioi
282 543 319 600 et,
332 543 399 589 tune
412 530 479 606 ipse,
496 531 573 588 victis
586 529 738 606 legionibus
753 531 894 599 Romanis,
908 545 960 589 tuo
973 535 1057 590 cousi·

124 619 132 648 ⁴
146 611 184 668 lio
197 611 318 687 equitem
331 611 366 667 sd
375 610 459 686 pedes
470 609 624 677 deduxeris,
638 609 843 685 restituerisque
853 613 1000 687 pugnam?
1014 633 1057 669 ex·

125 699 133 740 ‘-
147 691 224 748 cluso
237 690 337 748 deinde
349 691 384 747 ab
396 689 454 746 acie
464 689 557 746 nostris
567 689 616 746 tibi
626 701 708 764 etque
719 689 855 764 equitibus
863 709 931 746 num
941 703 990 748 aut
998 711 1057 748 con-

124 779 132 806 ‘
146 771 190 826 sul
201 771 260 846 ipse
270 768 435 833 subvenerit,
450 781 498 824 aut
506 767 610 826 miserit
619 768 784 843 praesidium
796 769 809 825 Ρ
823 781 935 844 postero
944 771 1057 846 deniqne

125 861 133 886 ⁸
147 849 193 906 die
205 849 305 924 ecquid
318 847 446 922 praesidii
459 865 574 921 usquam
588 847 739 904 habueris?
757 867 791 904 au
812 859 843 904 tu
862 848 1017 924 cohorsque
1029 850 1054 906 in

124 938 237 986 ‘cestra
249 927 339 985 vestri
359 927 460 984 virtute
480 926 682 1003 perruperitisi’
702 945 816 1002 ecquem
836 927 865 984 in
885 929 984 985 castris
997 949 1056 986 con-

125 1008 244 1075 ‘sulem,
258 1026 372 1082 ecquem
386 1005 537 1063 exercitum
552 1005 730 1064 inveneritis?
745 1025 780 1062 au
789 1006 897 1063 deserte
907 1019 1006 1075 castra,
1018 1027 1055 1064 re·

125 1086 227 1144 ‘lictos
241 1087 347 1144 saucios
367 1084 489 1143 milites?
512 1084 592 1142 Haec
611 1104 661 1161 pro
677 1085 779 1141 virtute
799 1085 847 1142 tuit
867 1086 987 1160 fideque,
1008 1089 1055 1162 qui

125 1175 133 1202 ‘
147 1167 203 1224 unit
215 1165 268 1224 hoc·
276 1165 347 1222 bello
356 1163 509 1241 respublica
516 1165 601 1231 stetit,
615 1165 730 1222 dicenda
739 1164 789 1221 tibi
798 1177 861 1222 sunt
869 1164 963 1222 hodie.
1004 1165 1054 1222 De·

125 1253 132 1281 ‘
146 1246 238 1321 nique,
252 1245 300 1302 uhi
314 1244 348 1302 C.
365 1243 551 1319 Sempronius,
566 1243 612 1300 nbi
626 1242 746 1318 legiones
759 1255 867 1300 nostrae
876 1243 957 1302 siut?
973 1245 1054 1318 deser-

124 1334 132 1361 ‘
146 1325 250 1391 tussis,
264 1344 299 1381 an
313 1324 464 1381 deserueris
474 1323 614 1380 consulem
625 1321 852 1398 exercitumque?
867 1322 936 1381 victi
946 1324 1054 1399 denique

124 1412 132 1439 ‘
146 1404 240 1468 simus,
255 1423 290 1460 un
303 1403 448 1460 vicerimus
459 1401 481 1460 ?'

164 1481 244 1544 XLI.
265 1483 409 1539 Adversus
428 1481 496 1541 haec
512 1482 657 1558 Tempanii
670 1483 757 1540 oratio
770 1483 912 1558 incompta
924 1483 1008 1540 fuisse
1019 1482 1054 1538 di·

126 1562 215 1628 citur;
228 1562 349 1618 ceterirm
364 1561 517 1622 militariter
529 1562 627 1636 gravis,
642 1581 696 1618 non
710 1562 767 1618 suis
781 1581 849 1619 vana
857 1561 994 1627 laudibus,
1007 1581 1054 1618 uon

126 1641 240 1698 crimine
259 1640 348 1697 alieno
367 1641 484 1698 leetaz‘
528 1652 610 1697 uanta
649 1641 775 1698 mdentia
794 1661 806 1697 r
823 1641 833 1697 i
853 1641 969 1698 bellicae
986 1640 1012 1697 in
1045 1682 1052 1697 .

125 1726 134 1753 ‘
150 1719 313 1796 Sempronio
333 1731 414 1786 esset,
428 1739 484 1776 non
497 1641 591 1776 iiiilitis
604 1660 823 1796 ᾶξὶωροταιοτοθ
829 1640 1053 1778 existimationein
1094 1743 1095 1750 ¹

125 1805 216 1866 (esse,
237 1799 287 1856 sed
306 1798 400 1876 populi
422 1798 541 1856 Romani
553 1799 646 1866 fnisse,
666 1818 751 1874 quum
772 1819 836 1857 eum
857 1799 978 1857 comitiis
997 1817 1052 1855 cou-

125 1885 133 1912 ⁴
146 1879 235 1936 sulem
254 1878 358 1953 legeret
366 1876 385 1934 ¹.
425 1878 522 1954 Itaque
539 1897 575 1936 ne
594 1879 628 1935 ab
641 1898 671 1936 se
685 1878 858 1954 imperatoria
871 1878 993 1946 consilia,
1006 1896 1051 1934 neu

125 1958 302 2018 {consulares
316 1968 387 2015 artes
401 1959 583 2032 exquirerent,
604 1977 674 2037 quae
687 1957 849 2034 pensitanda
862 1954 974 2033 qudqne
987 1975 1051 2030 meg·

124 2037 190 2094 ⁴-nis
209 2037 307 2096 animis
326 2050 408 2112 atque
422 2037 538 2112 ingeniis
551 2048 659 2105 essent;
678 2037 736 2104 sed,
751 2037 825 2112 quod
839 2037 948 2103 viderit,
963 2035 1051 2093 reisue

125 2123 236 2192 ‘possa
276 2114 386 2173 Vidisse
399 2127 491 2174 autem
506 2136 535 2174 se
548 2116 631 2192 priris,
649 2114 731 2190 quiam
745 2118 779 2173 ab
793 2116 851 2173 acie
864 2115 1052 2173 intercludere·

124 2203 199 2262 ‘tur,
220 2195 360 2253 consulem
380 2195 407 2252 in
429 2195 516 2272 primia
529 2196 587 2252 acie
601 2206 777 2270 pugnantem,
798 2193 997 2260 adhortantem,
1016 2193 1050 2248 in·

125 2282 189 2332 ‘ter
208 2275 285 2350 signa
307 2275 432 2330 Romana
451 2275 559 2349 telaque
574 2273 693 2331 hostium
713 2286 884 2331 versantem:
906 2289 1000 2349 postea
1017 2290 1048 2336 se,

124 2353 182 2409 ‘ab
202 2363 352 2428 conspectu
372 2371 483 2408 suorum
503 2349 634 2421 ablatum,
658 2373 693 2410 ex
711 2353 826 2429 strepitu
846 2365 941 2410 tamen
960 2363 987 2408 et
1004 2349 1048 2406 cla·

126 2437 224 2488 ‘more
238 2430 362 2497 sensisse,
381 2450 468 2506 usque
487 2433 522 2488 ad
535 2445 643 2489 noctem
661 2445 813 2489 extractum
833 2445 988 2488 certamen:
1007 2447 1047 2485 nec
1093 2431 1094 2436 ’

125 2518 133 2544 ‘
146 2511 180 2568 ed
192 2508 348 2576 tumulum‚'
361 2507 459 2586 (quem
473 2509 531 2585 ipse
545 2511 695 2587 tenuerat)
708 2519 715 2546 ‘
726 2531 790 2587 prae
803 2510 980 2568 multitudiue
992 2506 1044 2564 hos-

123 2597 131 2624 ⁴
147 2591 216 2646 tium
234 2590 344 2647 credere
366 2589 505 2664 perrumpi
526 2590 656 2665 potuisse.
697 2589 842 2647 Exercitus
865 2591 913 2646 uhi
930 2598 1007 2654 esset,
1023 2605 1046 2642 se

124 2669 269 2727 ‘nescirer
292 2667 422 2734 arbitrari,
447 2669 522 2725 velut
544 2669 602 2744 ipse
624 2669 652 2726 in
673 2689 703 2726 re
722 2669 829 2746 trepidis
844 2669 900 2726 loci
924 2665 1045 2744 praesidio

125 2756 176 2804 ‘se
199 2766 318 2823 suosque
339 2746 375 2803 sit
401 2758 514 2814 tutatus,
538 2747 578 2805 sic
599 2749 747 2816 consulem,
775 2747 901 2804 servandi
922 2743 1045 2805 exercitis

123 2827 236 2893 ‘causis
250 2827 310 2884 loce
323 2825 424 2883 tutiore
436 2826 531 2884 cestris
551 2828 664 2902 cepisse.
707 2827 767 2884 Nec
781 2827 944 2884 Volscorum
965 2823 1045 2881 melio·

124 2914 189 2963 ‘res
212 2926 255 2963 res
278 2925 337 2963 esse
361 2906 480 2972 credere,
505 2904 586 2981 quim
610 2906 705 2982 populi
732 2907 860 2964 Romani.
909 2905 1045 2962 Fortunam

124 2993 310 3059 ‘noctemque
331 2983 422 3041 omnia
441 2985 539 3041 erroris
553 2986 642 3042 mutui
656 2984 800 3061 implesse!
842 2983 1045 3054 Precentemque

123 3065 232 3130 deinde,
252 3083 288 3120 ne
309 3083 338 3120 se
351 3063 453 3120 fessum
466 3063 560 3120 labore
573 3083 606 3122 ac
619 3065 774 3122 vulneribus
788 3076 921 3131 tenerent,
941 3081 1001 3120 cum
1013 3059 1045 3113 in·
1092 3119 1093 3124 ,

122 3144 199 3219 genti
217 3143 307 3209 laude,
328 3162 383 3198 non
397 3142 505 3198 virtutis
525 3144 620 3218 magis,
641 3142 723 3217 quiam
743 3143 947 3208 moderationis,
963 3137 1044 3196 dimis-

123 3242 194 3280 sum.
234 3221 328 3284 Quum
348 3219 415 3278 haec
435 3233 588 3296 egerentur,
610 3221 669 3297 jam
692 3222 789 3279 consul
802 3222 847 3279 vii
866 3218 1000 3280 Larisaeis
1015 3215 1044 3272 ed

130 3377 133 3384 ν
154 3353 161 3380 ¹
182 3355 287 3406 Qrmntu,
304 3348 349 3395 &c-
386 3348 423 3395 As
439 3357 464 3394 to
481 3349 522 3396 the
539 3348 595 3397 skill
611 3349 637 3396 in
648 3351 688 3397 the
699 3359 736 3398 ert
747 3351 776 3398 of
786 3365 833 3397 wer
845 3347 966 3411 possessed
975 3349 1006 3408 hy
1017 3343 1044 3390 C·

124 3417 288 3478 Ssmpronius,
301 3414 320 3462 it
332 3429 380 3461 was
391 3423 433 3461 not
444 3416 484 3462 the
496 3415 608 3476 province
619 3417 648 3465 ol
655 3433 670 3464 a
681 3417 769 3465 soldier
781 3427 805 3466 to
813 3417 892 3481 judge
902 3417 932 3463 of
944 3415 979 3462 his
988 3425 1045 3461 eom·

121 3485 228 3538 mandes.
241 3485 286 3533 but
296 3481 343 3529 had
354 3483 414 3529 been
426 3481 465 3529 the
476 3483 588 3543 prosince
599 3485 628 3534 of
642 3485 681 3534 the
695 3487 791 3535 llomau
807 3483 901 3548 people,
913 3485 981 3532 when
991 3481 1038 3538 disp

123 3551 212 3602 elected
223 3551 273 3602 him
285 3547 370 3601 consul
381 3550 407 3598 in
419 3549 459 3596 the
469 3551 573 3602 comitia.
