2232 3862
460 207 583 270 LIBER
604 205 642 270 lI.
965 213 1005 273 83

75 375 170 432 ‘iulide
190 369 413 447 transfugerent.
455 369 494 428 Et
513 371 599 428 sciere
619 371 748 447 perfugae
762 371 880 439 indicio;
902 371 1002 430 multir-

69 476 112 530 que
125 455 232 530 plures,
252 466 286 508 ut
304 453 332 507 in
351 469 429 526 spem
442 451 585 507 universae
600 451 725 527 praedae,
742 451 841 508 flumen
839 451 1003 566 ⁸trajiciunt.

70 536 95 591 P
108 533 237 590 Valerius
251 529 366 588 indeT.
382 529 557 586 Herminium
572 549 636 586 cum
650 531 765 587 modicis
785 531 871 632 copiis
892 533 947 588 ‘ad
961 552 1003 589 se·

70 613 204 670 ‘cundum
220 611 343 686 lapidem
353 607 497 666 Gabina'
474 629 517 666 rra
503 609 665 667 occultum
677 609 826 668 considere'
835 610 932 687 jubet:
956 613 1003 688 Sp.

19 745 20 766 ,
69 691 185 749 Lartium
202 709 268 748 cum
284 686 591 764 expeditajurentute‘
605 689 640 745 ad
654 701 761 765 portam
773 689 907 748 Collinam
922 703 1003 760 stare,

19 783 20 842 3
69 772 169 828 ‘donec
190 769 283 826 bostis
302 778 474 843 praetereat;
495 768 595 824 deinde
615 787 644 824 sa
665 767 793 844 objicere,
807 787 842 824 ne
856 770 892 826 sit
905 770 940 826 ad
954 770 1003 826 flu·

19 883 20 928 ;
68 860 143 908 rnen
164 845 294 906 reditus!
336 846 489 904 Consulum
510 847 579 904 alter
593 846 627 902 T.
641 845 790 905 Lucretius
804 847 883 923 porta
899 849 1006 905 Naevii

68 949 121 987 cum
135 929 245 1003 aliquot
262 926 407 1001 manipulis
422 925 538 982 militnm
554 945 697 1001 egressus:
718 927 777 1003 ipre
795 927 918 984 Valerius
934 928 1005 985 Coe·

68 1010 98 1064 lin
116 1021 213 1064 monte
234 1005 364 1063 cobortes
376 1004 496 1062 delectas
510 1005 612 1062 educit.
653 1005 749 1080 Hique
762 1006 843 1083 primi
857 1025 1006 1082 apparuere

69 1087 140 1144 hosti.
181 1085 360 1151 Herminius,
381 1084 428 1139 ubi
450 1085 599 1140 tumultum
620 1085 714 1152 sensit,
736 1085 874 1142 concurrit
894 1105 929 1141 ex
943 1086 1008 1141 insi·

70 1168 121 1232 diis,
141 1166 288 1239 versisque
308 1164 336 1219 in
357 1162 494 1219 Valerium
517 1162 643 1220 Etruscis
662 1175 739 1240 terga
759 1165 857 1222 caedit.
898 1163 1008 1221 Dextrri

70 1246 202 1320 laevique,
218 1243 285 1300 hinc
298 1263 316 1299 a
327 1243 408 1318 portis
422 1241 539 1309 Collina,
554 1242 628 1300 illinc
641 1243 675 1300 ab
690 1242 804 1309 Naevii,
816 1243 939 1301 redditus
952 1244 1007 1301 cla·

70 1345 128 1380 mor.
169 1323 216 1380 Ita
236 1321 311 1380 caesi
332 1323 360 1377 in
375 1323 466 1378 medio
480 1322 663 1397 praedatores,
678 1323 815 1398 nequead
829 1341 949 1398 pugnam
969 1324 1008 1379 ri·

19 1431 20 1436 ¹
70 1405 135 1460 ribus
155 1422 247 1478 pares,
267 1413 296 1458 et
316 1401 351 1458 ad
368 1401 461 1474 fugam
476 1401 560 1476 septis
578 1402 704 1459 omnibus
718 1403 777 1459 riis.
818 1401 948 1478 Finisque
963 1403 1007 1460 ille

69 1496 118 1539 tam
131 1482 221 1540 effuse
235 1481 371 1555 evagandi
386 1479 511 1536 Etruscis
525 1480 585 1536 luit.

103 1561 169 1618 XII.
191 1559 314 1617 Obsidio
336 1571 395 1615 erat
415 1558 601 1626 nihilominus,
620 1571 649 1616 et
667 1560 796 1618 frumenti
815 1580 879 1618 cum
898 1562 1007 1618 summai

71 1641 175 1697 caritate
197 1640 310 1713 inopia:
333 1639 510 1712 sedendoque
526 1651 746 1714 expugnaturum
764 1659 794 1697 se
812 1641 908 1697 urbem
929 1659 1006 1717 spem

72 1721 185 1776 Porsena
200 1718 337 1774 babebat:
358 1737 442 1792 quum
459 1718 492 1774 C.
510 1717 624 1774 Mucius
634 1717 651 1786 ¹,
667 1719 825 1776 adolescens
838 1720 946 1786 nobilis,
962 1720 1006 1777 cui

71 1799 206 1872 indignum
223 1796 379 1864 videbatur,
394 1797 547 1873 ‘populum
564 1797 720 1854 Romanurn
730 1799 904 1866 servientem,
919 1819 1005 1874 quum

72 1879 138 1934 ‘sub
154 1877 270 1952 regibus
289 1887 372 1941 esset,
393 1876 466 1930 nullo
484 1875 556 1932 bello
573 1895 624 1932 nec
642 1877 677 1933 ab
694 1875 817 1934 hostibus
836 1878 899 1934 ullis
914 1880 1006 1935 obses-

73 1964 79 1990 ‘
91 1977 148 2013 sum
160 1977 243 2022 esse;
264 1955 383 2012 liberum
397 1955 514 2011 eundem
524 1955 656 2030 populum
668 1956 702 2011 ab
713 1956 809 2012 iisdem
822 1955 947 2013 Etruscis
958 1958 1007 2012 ob·

73 2036 177 2103 ‘sideri
193 2053 313 2110 quorum
335 2053 416 2108 saepe
437 2035 573 2090 exercitus
591 2033 712 2099 luderit3
705 2034 831 2110 itaque,
846 2054 945 2109 magno
959 2053 1006 2091 au·

74 2122 80 2148 ⁶
93 2115 204 2190 dacique
217 2114 320 2208 aliqpo
338 2114 458 2170 iocinore
472 2133 532 2170 earn
547 2111 737 2188 indignitatem
752 2112 950 2171 vindicandam'
965 2131 1007 2170 ra·

73 2207 119 2261 tus,
139 2189 232 2271 primi)
247 2193 299 2248 suit
311 2203 409 2269 sponte
423 2205 566 2268 penetrare
580 2192 607 2247 in
623 2190 741 2248 bostium
756 2205 844 2250 castra
854 2193 1006 2250 constituit.

75 2273 141 2330 Dein
161 2285 303 2338 metuens,
324 2291 368 2337 ne,
389 2271 412 2326 si
432 2271 602 2328 consulum
595 2269 699 2347 injussu
720 2282 748 2328 et
767 2272 867 2348 ignaris
880 2273 1008 2329 omnibus

74 2351 126 2418 iret,
141 2354 213 2408 forte
228 2349 416 2426 deprehensus
428 2369 445 2406 a
458 2349 619 2407 custodibus
635 2349 767 2407 Romanis
781 2350 964 2409 retraberetur
977 2364 1009 2409 ut

74 2432 217 2506 transfuga,
243 2430 353 2486 fortuni
373 2443 432 2485 tum
458 2430 533 2488 urbis
553 2429 656 2486 crimen
675 2429 846 2488 affirmante²
850 2471 857 2498 ,
881 2443 1007 2488 senatum

75 2511 151 2567 adiit:
178 2518 186 2544 ⁴
203 2509 334 2566 Transire
349 2507 489 2576 Tiberina*
503 2507 600 2583 inquit,
617 2516 624 2542 ¹
639 2509 743 2577 Patres,
754 2522 782 2567 et
792 2510 901 2575 intrare,
914 2512 937 2566 si
947 2530 1011 2587 pos·

77 2590 152 2656 ‘sim,
169 2601 262 2646 castra
275 2587 395 2644 bostium
407 2588 485 2646 voln-
505 2607 561 2644 non
575 2588 685 2664 praedo,
699 2607 751 2646 nec
764 2589 970 2665 populationum
986 2589 1013 2645 in

77 2669 274 2726 ‘ricemultor
299 2667 402 2743 Majus‚
414 2687 437 2722 ει
430 2667 513 2724 Du
501 2678 608 2742 Jurant‚
618 2686 646 2723 ιιι
655 2685 746 2724 animo
757 2681 798 2725 est
808 2669 930 2725 facinus
952 2671 1012 2744 Ap-

77 2750 187 2821 probant
203 2747 317 2804 Patres.
337 2746 452 2802 abdito
445 2758 516 2803 rntra
527 2757 629 2802 restem
646 2747 726 2813 ferro,
738 2747 926 2840 proficiscitur.
955 2749 1012 2807 Ubi

78 2823 106 2882 eb
119 2827 204 2892 yenit,
227 2827 256 2882 in
277 2826 475 2883 confertissimis
495 2827 575 2882 turbis
594 2842 679 2901 prope
694 2828 800 2902 regium
815 2827 932 2884 tribunal
947 2847 1012 2885 con·

79 2906 150 2963 stitit
192 2905 237 2962 Ibi
251 2925 336 2980 quum
346 2905 538 2981 stipendium
525 2902 596 2962 orte
606 2905 736 2961 mdrnbns
750 2907 869 2988 deretur,
879 2920 907 2964 et
915 2907 1011 2975 scriba,

80 3004 137 3040 cnm
143 3005 224 3077 rege
240 2985 340 3041 sedens
354 3003 412 3059 perr
404 2985 481 3040 'fere
495 2997 602 3076 ornatu,
617 2985 704 3041 multa
715 2997 817 3060 ageret,
832 3005 896 3043 eum
912 2987 1012 3044 milites

81 3059 157 3139 vulgi)
177 3065 295 3131 adirent,
316 3063 417 3130 timens
430 3064 569 3131 sciscitari,
585 3074 646 3120 uter
660 3064 781 3121 Porsena
794 3078 875 3134 esset,
889 3085 924 3122 ne
938 3067 1016 3142 igno·

81 3144 161 3199 raudo
174 3163 268 3219 regem
283 3155 372 3200 semet
385 3144 443 3220 ipse
452 3143 577 3219 aperiret,
589 3143 650 3218 quis
659 3155 740 3212 esset,
750 3139 805 3219 qud
814 3147 918 3202 temere
933 3146 1016 3202 traxit

116 3289 121 3316 ¹
139 3245 244 3346 Mucius,
258 3291 298 3337 the
310 3289 457 3337 nominative
468 3298 493 3337 to
505 3293 633 3340 constituit
672 3289 715 3338 All
732 3289 868 3353 difficulty
862 3308 882 3338 rs
898 3289 1019 3348 removed,

84 3357 114 3416 by
125 3357 275 3424 considering
282 3359 323 3404 tbe
332 3357 410 3404 words
417 3357 480 3404 irorn
491 3361 588 3406 Mucius
597 3368 623 3404 to
631 3375 716 3420 magno
726 3357 902 3436 pprenthetical
939 3357 948 3384 ¹
960 3359 1020 3404 For-

19 3479 20 3484 *
54 3424 149 3535 tqnd,
143 3429 205 3488 ,bc
243 3427 296 3473 The
313 3425 417 3488 eristing
434 3423 598 3472 conditiones
612 3425 652 3472 the
664 3425 712 3486 city
724 3424 807 3486 giving
820 3424 884 3470 lorce
896 3431 921 3467 to
936 3423 1023 3467 aucha

85 3505 98 3536 c
116 3506 179 3554 erge.
