<?xml version="1.0" encoding="UTF-8"?>
<!DOCTYPE html PUBLIC "-//W3C//DTD XHTML 1.0 Transitional//EN"
    "http://www.w3.org/TR/xhtml1/DTD/xhtml1-transitional.dtd">
<html xmlns="http://www.w3.org/1999/xhtml" xml:lang="en" lang="en">
 <head>
  <title>
</title>
<meta http-equiv="Content-Type" content="text/html;charset=utf-8" />
  <meta name='ocr-system' content='tesseract 3.04.00' />
  <meta name='ocr-capabilities' content='ocr_page ocr_carea ocr_par ocr_line ocrx_word'/>
</head>
<body>
  <div class='ocr_page' id='page_1' title='image "./titiliviipatavi04livygoog_0316.png"; bbox 0 0 2224 3862; ppageno 0'>
   <div class='ocr_carea' id='block_1_1' title="bbox 111 217 660 304">
    <p class='ocr_par' dir='ltr' id='par_1_1' title="bbox 111 217 660 304">
     <span class='ocr_line' id='line_1_1' title="bbox 111 217 660 304; baseline 0.009 -28"><span class='ocrx_word' id='word_1_1' title='bbox 111 217 170 276; x_wconf 78' lang='lat' dir='ltr'>eor.</span> <span class='ocrx_word' id='word_1_2' title='bbox 210 297 212 304; x_wconf 15' lang='lat' dir='ltr'>y</span> <span class='ocrx_word' id='word_1_3' title='bbox 504 219 539 280; x_wconf 85' lang='lat' dir='ltr'>r.</span> <span class='ocrx_word' id='word_1_4' title='bbox 558 219 660 280; x_wconf 83' lang='lat' dir='ltr'>orvu</span> 
     </span>
    </p>
   </div>
   <div class='ocr_carea' id='block_1_2' title="bbox 54 377 1098 3624">
    <p class='ocr_par' dir='ltr' id='par_1_2' title="bbox 54 377 1098 3624">
     <span class='ocr_line' id='line_1_2' title="bbox 112 377 1058 459; baseline 0.004 -24"><span class='ocrx_word' id='word_1_5' title='bbox 112 384 120 412; x_wconf 89' lang='lat'>‘</span> <span class='ocrx_word' id='word_1_6' title='bbox 134 377 288 454; x_wconf 80' lang='lat' dir='ltr'>pngnrisse,’</span> <span class='ocrx_word' id='word_1_7' title='bbox 302 378 461 448; x_wconf 85' lang='lat' dir='ltr'>vociferans,</span> <span class='ocrx_word' id='word_1_8' title='bbox 475 387 483 415; x_wconf 77' lang='lat'><strong>⁴</strong></span> <span class='ocrx_word' id='word_1_9' title='bbox 496 381 587 458; x_wconf 87' lang='lat' dir='ltr'>legem</span> <span class='ocrx_word' id='word_1_10' title='bbox 598 380 764 439; x_wconf 79' lang='lat' dir='ltr'><strong>Treboniam</strong></span> <span class='ocrx_word' id='word_1_11' title='bbox 775 382 922 449; x_wconf 87' lang='lat' dir='ltr'>sublatam,</span> <span class='ocrx_word' id='word_1_12' title='bbox 933 393 965 439; x_wconf 90' lang='lat' dir='ltr'>et</span> <span class='ocrx_word' id='word_1_13' title='bbox 972 401 1058 459; x_wconf 89' lang='lat' dir='ltr'>ooop-</span> 
     </span>
     <span class='ocr_line' id='line_1_3' title="bbox 114 459 1057 538; baseline 0.006 -24"><span class='ocrx_word' id='word_1_14' title='bbox 114 465 121 490; x_wconf 85' lang='lat'>⁸</span> <span class='ocrx_word' id='word_1_15' title='bbox 136 470 207 514; x_wconf 85' lang='lat' dir='ltr'>ratos</span> <span class='ocrx_word' id='word_1_16' title='bbox 227 459 351 516; x_wconf 85' lang='lat' dir='ltr'>tribunos</span> <span class='ocrx_word' id='word_1_17' title='bbox 364 459 451 536; x_wconf 89' lang='lat' dir='ltr'>plebis</span> <span class='ocrx_word' id='word_1_18' title='bbox 464 479 520 517; x_wconf 91' lang='lat' dir='ltr'>non</span> <span class='ocrx_word' id='word_1_19' title='bbox 533 461 669 536; x_wconf 85' lang='lat' dir='ltr'>suffragiis</span> <span class='ocrx_word' id='word_1_20' title='bbox 685 459 791 538; x_wconf 90' lang='lat' dir='ltr'>populi,</span> <span class='ocrx_word' id='word_1_21' title='bbox 812 464 862 520; x_wconf 89' lang='lat' dir='ltr'>sed</span> <span class='ocrx_word' id='word_1_22' title='bbox 876 461 997 538; x_wconf 89' lang='lat' dir='ltr'>imperio</span> <span class='ocrx_word' id='word_1_23' title='bbox 1010 481 1057 538; x_wconf 86' lang='lat' dir='ltr'>pe·</span> 
     </span>
     <span class='ocr_line' id='line_1_4' title="bbox 116 536 1056 618; baseline 0.005 -25"><span class='ocrx_word' id='word_1_24' title='bbox 116 545 124 570; x_wconf 91' lang='lat'>‘</span> <span class='ocrx_word' id='word_1_25' title='bbox 138 537 296 606; x_wconf 89' lang='lat' dir='ltr'>triciorum;</span> <span class='ocrx_word' id='word_1_26' title='bbox 316 551 345 596; x_wconf 85' lang='lat' dir='ltr'>et</span> <span class='ocrx_word' id='word_1_27' title='bbox 358 536 392 596; x_wconf 76' lang='lat' dir='ltr'>eb</span> <span class='ocrx_word' id='word_1_28' title='bbox 403 540 505 596; x_wconf 85' lang='lat' dir='ltr'>revolvi</span> <span class='ocrx_word' id='word_1_29' title='bbox 519 560 586 604; x_wconf 87' lang='lat' dir='ltr'>rem,</span> <span class='ocrx_word' id='word_1_30' title='bbox 595 554 628 597; x_wconf 93' lang='lat' dir='ltr'>ut</span> <span class='ocrx_word' id='word_1_31' title='bbox 636 552 684 598; x_wconf 86' lang='lat' dir='ltr'>unt</span> <span class='ocrx_word' id='word_1_32' title='bbox 692 541 807 617; x_wconf 88' lang='lat' dir='ltr'>patricii,</span> <span class='ocrx_word' id='word_1_33' title='bbox 817 555 867 599; x_wconf 84' lang='lat' dir='ltr'>aut</span> <span class='ocrx_word' id='word_1_34' title='bbox 876 541 1056 618; x_wconf 85' lang='lat' dir='ltr'>patriciorum</span> 
     </span>
     <span class='ocr_line' id='line_1_5' title="bbox 116 616 1058 696; baseline 0.004 -23"><span class='ocrx_word' id='word_1_35' title='bbox 116 623 124 648; x_wconf 88' lang='lat'><strong>‘</strong></span> <span class='ocrx_word' id='word_1_36' title='bbox 138 616 258 674; x_wconf 86' lang='lat' dir='ltr'>asseclae</span> <span class='ocrx_word' id='word_1_37' title='bbox 272 617 388 675; x_wconf 88' lang='lat' dir='ltr'>habendi</span> <span class='ocrx_word' id='word_1_38' title='bbox 402 619 600 694; x_wconf 89' lang='lat' dir='ltr'>tribuniplebis</span> <span class='ocrx_word' id='word_1_39' title='bbox 614 621 685 677; x_wconf 87' lang='lat' dir='ltr'>sint:</span> <span class='ocrx_word' id='word_1_40' title='bbox 705 620 774 696; x_wconf 90' lang='lat' dir='ltr'>eripi</span> <span class='ocrx_word' id='word_1_41' title='bbox 784 633 903 678; x_wconf 84' lang='lat' dir='ltr'>sacratae</span> <span class='ocrx_word' id='word_1_42' title='bbox 912 621 1002 695; x_wconf 88' lang='lat' dir='ltr'>leges,</span> <span class='ocrx_word' id='word_1_43' title='bbox 1012 640 1058 677; x_wconf 87' lang='lat' dir='ltr'>ex·</span> 
     </span>
     <span class='ocr_line' id='line_1_6' title="bbox 117 696 1063 776; baseline 0.003 -24"><span class='ocrx_word' id='word_1_44' title='bbox 117 697 262 770; x_wconf 84' lang='lat' dir='ltr'>‘torqueri</span> <span class='ocrx_word' id='word_1_45' title='bbox 284 696 459 755; x_wconf 86' lang='lat' dir='ltr'>tribuniciam</span> <span class='ocrx_word' id='word_1_46' title='bbox 482 711 669 774; x_wconf 88' lang='lat' dir='ltr'>potestatem:</span> <span class='ocrx_word' id='word_1_47' title='bbox 699 699 729 755; x_wconf 91' lang='lat' dir='ltr'>id</span> <span class='ocrx_word' id='word_1_48' title='bbox 751 699 846 758; x_wconf 83' lang='lat' dir='ltr'>fraude</span> <span class='ocrx_word' id='word_1_49' title='bbox 867 700 1063 776; x_wconf 84' lang='lat' dir='ltr'>patriciorum,</span> 
     </span>
     <span class='ocr_line' id='line_1_7' title="bbox 117 775 1058 855; baseline 0.004 -25"><span class='ocrx_word' id='word_1_50' title='bbox 117 775 242 833; x_wconf 87' lang='lat' dir='ltr'>‘scelere</span> <span class='ocrx_word' id='word_1_51' title='bbox 262 795 295 834; x_wconf 88' lang='lat' dir='ltr'>ac</span> <span class='ocrx_word' id='word_1_52' title='bbox 313 777 469 851; x_wconf 90' lang='lat' dir='ltr'>proditione</span> <span class='ocrx_word' id='word_1_53' title='bbox 489 778 654 854; x_wconf 85' lang='lat' dir='ltr'>collegarum</span> <span class='ocrx_word' id='word_1_54' title='bbox 670 777 781 836; x_wconf 85' lang='lat' dir='ltr'>fectum&#39;</span> <span class='ocrx_word' id='word_1_55' title='bbox 795 799 922 855; x_wconf 87' lang='lat' dir='ltr'>arguere.</span> <span class='ocrx_word' id='word_1_56' title='bbox 966 779 1058 842; x_wconf 82' lang='lat' dir='ltr'>Quom</span> 
     </span>
     <span class='ocr_line' id='line_1_8' title="bbox 117 854 1098 934; baseline 0.002 -24"><span class='ocrx_word' id='word_1_57' title='bbox 117 854 245 912; x_wconf 81' lang='lat' dir='ltr'><strong>arderent</strong></span> <span class='ocrx_word' id='word_1_58' title='bbox 258 855 387 925; x_wconf 67' lang='lat' dir='ltr'>inrididl,</span> <span class='ocrx_word' id='word_1_59' title='bbox 401 876 456 914; x_wconf 89' lang='lat' dir='ltr'>non</span> <span class='ocrx_word' id='word_1_60' title='bbox 466 857 562 915; x_wconf 83' lang='lat' dir='ltr'>Patres</span> <span class='ocrx_word' id='word_1_61' title='bbox 573 854 668 926; x_wconf 76' lang='lat' dir='ltr'>modi),</span> <span class='ocrx_word' id='word_1_62' title='bbox 683 858 732 915; x_wconf 89' lang='lat' dir='ltr'>sed</span> <span class='ocrx_word' id='word_1_63' title='bbox 746 858 828 915; x_wconf 88' lang='lat' dir='ltr'>etiam</span> <span class='ocrx_word' id='word_1_64' title='bbox 842 859 950 916; x_wconf 87' lang='lat' dir='ltr'>tribuni</span> <span class='ocrx_word' id='word_1_65' title='bbox 965 858 1056 934; x_wconf 90' lang='lat' dir='ltr'>plebis,</span> <span class='ocrx_word' id='word_1_66' title='bbox 1097 909 1098 912; x_wconf 74' lang='grc'>,</span> 
     </span>
     <span class='ocr_line' id='line_1_9' title="bbox 118 934 1056 1014; baseline 0.004 -24"><span class='ocrx_word' id='word_1_67' title='bbox 118 934 240 1010; x_wconf 84' lang='lat' dir='ltr'>cooptati</span> <span class='ocrx_word' id='word_1_68' title='bbox 259 935 368 1010; x_wconf 85' lang='lat' dir='ltr'>pariter,</span> <span class='ocrx_word' id='word_1_69' title='bbox 389 949 419 993; x_wconf 88' lang='lat' dir='ltr'>at</span> <span class='ocrx_word' id='word_1_70' title='bbox 437 937 485 1011; x_wconf 91' lang='lat' dir='ltr'>qui</span> <span class='ocrx_word' id='word_1_71' title='bbox 504 949 717 1014; x_wconf 72' lang='lat' dir='ltr'>cooptaverantr</span> <span class='ocrx_word' id='word_1_72' title='bbox 736 950 796 994; x_wconf 83' lang='lat' dir='ltr'>tum</span> <span class='ocrx_word' id='word_1_73' title='bbox 810 957 846 994; x_wconf 87' lang='lat' dir='ltr'>ex</span> <span class='ocrx_word' id='word_1_74' title='bbox 858 937 984 1013; x_wconf 85' lang='lat' dir='ltr'>collegio</span> <span class='ocrx_word' id='word_1_75' title='bbox 997 949 1056 1003; x_wconf 84' lang='lat' dir='ltr'>tres,</span> 
     </span>
     <span class='ocr_line' id='line_1_10' title="bbox 118 1011 1056 1093; baseline 0.003 -24"><span class='ocrx_word' id='word_1_76' title='bbox 118 1011 152 1069; x_wconf 92' lang='lat' dir='ltr'>P.</span> <span class='ocrx_word' id='word_1_77' title='bbox 167 1014 306 1090; x_wconf 87' lang='lat' dir='ltr'>Curatius,</span> <span class='ocrx_word' id='word_1_78' title='bbox 330 1015 374 1072; x_wconf 89' lang='lat' dir='ltr'>M.</span> <span class='ocrx_word' id='word_1_79' title='bbox 395 1014 531 1084; x_wconf 90' lang='lat' dir='ltr'>Metilius,</span> <span class='ocrx_word' id='word_1_80' title='bbox 556 1029 585 1074; x_wconf 88' lang='lat' dir='ltr'>et</span> <span class='ocrx_word' id='word_1_81' title='bbox 605 1015 648 1072; x_wconf 91' lang='lat' dir='ltr'>M.</span> <span class='ocrx_word' id='word_1_82' title='bbox 670 1015 822 1085; x_wconf 89' lang='lat' dir='ltr'>Minucius,</span> <span class='ocrx_word' id='word_1_83' title='bbox 843 1017 949 1093; x_wconf 81' lang='lat' dir='ltr'>trepidi</span> <span class='ocrx_word' id='word_1_84' title='bbox 969 1035 1056 1074; x_wconf 85' lang='lat' dir='ltr'>rerum</span> 
     </span>
     <span class='ocr_line' id='line_1_11' title="bbox 119 1093 1098 1172; baseline 0.003 -25"><span class='ocrx_word' id='word_1_85' title='bbox 119 1112 239 1161; x_wconf 88' lang='lat' dir='ltr'>suarum,</span> <span class='ocrx_word' id='word_1_86' title='bbox 253 1094 282 1150; x_wconf 93' lang='lat' dir='ltr'>in</span> <span class='ocrx_word' id='word_1_87' title='bbox 298 1093 424 1170; x_wconf 87' lang='lat' dir='ltr'>Sergium</span> <span class='ocrx_word' id='word_1_88' title='bbox 438 1093 658 1171; x_wconf 68' lang='lat' dir='ltr'>Virgininmquu</span> <span class='ocrx_word' id='word_1_89' title='bbox 679 1096 776 1172; x_wconf 90' lang='lat' dir='ltr'>prioris</span> <span class='ocrx_word' id='word_1_90' title='bbox 789 1096 853 1152; x_wconf 87' lang='lat' dir='ltr'>anni</span> <span class='ocrx_word' id='word_1_91' title='bbox 866 1096 998 1153; x_wconf 90' lang='lat' dir='ltr'>tribunos</span> <span class='ocrx_word' id='word_1_92' title='bbox 1011 1097 1056 1151; x_wconf 88' lang='lat' dir='ltr'>mi·</span> <span class='ocrx_word' id='word_1_93' title='bbox 1097 1125 1098 1136; x_wconf 64' lang='lat'><strong>.</strong></span> 
     </span>
     <span class='ocr_line' id='line_1_12' title="bbox 119 1171 1056 1250; baseline 0.001 -22"><span class='ocrx_word' id='word_1_94' title='bbox 119 1171 221 1240; x_wconf 87' lang='lat' dir='ltr'>litares,</span> <span class='ocrx_word' id='word_1_95' title='bbox 236 1173 394 1232; x_wconf 87' lang='lat' dir='ltr'>incurrunt:</span> <span class='ocrx_word' id='word_1_96' title='bbox 414 1175 443 1232; x_wconf 92' lang='lat' dir='ltr'>in</span> <span class='ocrx_word' id='word_1_97' title='bbox 457 1195 505 1232; x_wconf 87' lang='lat' dir='ltr'>eos</span> <span class='ocrx_word' id='word_1_98' title='bbox 517 1177 551 1232; x_wconf 89' lang='lat' dir='ltr'>ab</span> <span class='ocrx_word' id='word_1_99' title='bbox 568 1195 598 1232; x_wconf 91' lang='lat' dir='ltr'>se</span> <span class='ocrx_word' id='word_1_100' title='bbox 612 1177 679 1232; x_wconf 85' lang='lat' dir='ltr'>iram</span> <span class='ocrx_word' id='word_1_101' title='bbox 693 1174 782 1250; x_wconf 91' lang='lat' dir='ltr'>plebis</span> <span class='ocrx_word' id='word_1_102' title='bbox 794 1175 996 1250; x_wconf 84' lang='lat' dir='ltr'>invidiamque,</span> <span class='ocrx_word' id='word_1_103' title='bbox 1016 1175 1056 1230; x_wconf 86' lang='lat' dir='ltr'>die</span> 
     </span>
     <span class='ocr_line' id='line_1_13' title="bbox 121 1253 1098 1329; baseline 0.004 -21"><span class='ocrx_word' id='word_1_104' title='bbox 121 1253 203 1318; x_wconf 71' lang='lat' dir='ltr'>dicta,</span> <span class='ocrx_word' id='word_1_105' title='bbox 218 1266 353 1311; x_wconf 82' lang='lat' dir='ltr'>avertunt.</span> <span class='ocrx_word' id='word_1_106' title='bbox 394 1261 401 1288; x_wconf 90' lang='lat'>‘</span> <span class='ocrx_word' id='word_1_107' title='bbox 417 1253 526 1319; x_wconf 84' lang='lat' dir='ltr'>Quibus</span> <span class='ocrx_word' id='word_1_108' title='bbox 539 1255 670 1320; x_wconf 86' lang='lat' dir='ltr'>delectus,</span> <span class='ocrx_word' id='word_1_109' title='bbox 688 1253 787 1329; x_wconf 89' lang='lat' dir='ltr'>quibus</span> <span class='ocrx_word' id='word_1_110' title='bbox 800 1255 948 1322; x_wconf 90' lang='lat' dir='ltr'>tributum,</span> <span class='ocrx_word' id='word_1_111' title='bbox 963 1253 1056 1329; x_wconf 87' lang='lat' dir='ltr'>quibos</span> <span class='ocrx_word' id='word_1_112' title='bbox 1097 1307 1098 1312; x_wconf 73' lang='grc'>,</span> 
     </span>
     <span class='ocr_line' id='line_1_14' title="bbox 54 1332 1098 1412; baseline 0.003 -26"><span class='ocrx_word' id='word_1_113' title='bbox 54 1349 61 1366; x_wconf 95' lang='grc'>·</span> <span class='ocrx_word' id='word_1_114' title='bbox 122 1341 130 1364; x_wconf 88' lang='lat'>‘</span> <span class='ocrx_word' id='word_1_115' title='bbox 144 1332 251 1390; x_wconf 87' lang='lat' dir='ltr'>diutina</span> <span class='ocrx_word' id='word_1_116' title='bbox 265 1333 362 1390; x_wconf 85' lang='lat' dir='ltr'>militie</span> <span class='ocrx_word' id='word_1_117' title='bbox 375 1333 613 1410; x_wconf 79' lang='lat' dir='ltr'>longinquitasque</span> <span class='ocrx_word' id='word_1_118' title='bbox 627 1333 692 1390; x_wconf 89' lang='lat' dir='ltr'>belli</span> <span class='ocrx_word' id='word_1_119' title='bbox 704 1333 740 1390; x_wconf 82' lang='lat' dir='ltr'>ait</span> <span class='ocrx_word' id='word_1_120' title='bbox 753 1334 851 1408; x_wconf 84' lang='lat' dir='ltr'>gravis,</span> <span class='ocrx_word' id='word_1_121' title='bbox 865 1334 915 1408; x_wconf 89' lang='lat' dir='ltr'>qni</span> <span class='ocrx_word' id='word_1_122' title='bbox 930 1335 1010 1391; x_wconf 86' lang='lat' dir='ltr'>clade</span> <span class='ocrx_word' id='word_1_123' title='bbox 1019 1352 1058 1389; x_wconf 76' lang='lat' dir='ltr'>ao</span> <span class='ocrx_word' id='word_1_124' title='bbox 1097 1349 1098 1412; x_wconf 52' lang='grc' dir='ltr'>ξ</span> 
     </span>
     <span class='ocr_line' id='line_1_15' title="bbox 122 1412 1058 1488; baseline -0.001 -20"><span class='ocrx_word' id='word_1_125' title='bbox 122 1419 130 1445; x_wconf 87' lang='lat'>‘</span> <span class='ocrx_word' id='word_1_126' title='bbox 145 1413 227 1487; x_wconf 72' lang='lat' dir='ltr'>ceptis</span> <span class='ocrx_word' id='word_1_127' title='bbox 238 1413 273 1468; x_wconf 87' lang='lat' dir='ltr'>ad</span> <span class='ocrx_word' id='word_1_128' title='bbox 286 1412 370 1488; x_wconf 87' lang='lat' dir='ltr'>Vejos</span> <span class='ocrx_word' id='word_1_129' title='bbox 383 1413 501 1480; x_wconf 81' lang='lat' dir='ltr'>doleant,</span> <span class='ocrx_word' id='word_1_130' title='bbox 513 1413 561 1488; x_wconf 89' lang='lat' dir='ltr'>qni</span> <span class='ocrx_word' id='word_1_131' title='bbox 569 1413 783 1482; x_wconf 88' lang='lat' dir='ltr'>arnissisliberis,</span> <span class='ocrx_word' id='word_1_132' title='bbox 796 1413 940 1478; x_wconf 83' lang='lat' dir='ltr'>fratribus,</span> <span class='ocrx_word' id='word_1_133' title='bbox 954 1412 1058 1488; x_wconf 75' lang='lat' dir='ltr'>propio·</span> 
     </span>
     <span class='ocr_line' id='line_1_16' title="bbox 123 1490 1057 1568; baseline 0 -22"><span class='ocrx_word' id='word_1_134' title='bbox 123 1497 131 1523; x_wconf 80' lang='lat'><em>⁴</em></span> <span class='ocrx_word' id='word_1_135' title='bbox 145 1491 215 1565; x_wconf 88' lang='lat' dir='ltr'>quis,</span> <span class='ocrx_word' id='word_1_136' title='bbox 229 1490 365 1559; x_wconf 85' lang='lat' dir='ltr'>affinibus,</span> <span class='ocrx_word' id='word_1_137' title='bbox 377 1492 506 1568; x_wconf 79' lang='lat' dir='ltr'>lugubres</span> <span class='ocrx_word' id='word_1_138' title='bbox 520 1495 617 1550; x_wconf 91' lang='lat' dir='ltr'>domos</span> <span class='ocrx_word' id='word_1_139' title='bbox 630 1491 766 1558; x_wconf 85' lang='lat' dir='ltr'>babeant;</span> <span class='ocrx_word' id='word_1_140' title='bbox 785 1491 819 1548; x_wconf 88' lang='lat' dir='ltr'>iis</span> <span class='ocrx_word' id='word_1_141' title='bbox 832 1491 939 1568; x_wconf 86' lang='lat' dir='ltr'>publici</span> <span class='ocrx_word' id='word_1_142' title='bbox 953 1492 1057 1568; x_wconf 81' lang='lat' dir='ltr'>privati·-</span> 
     </span>
     <span class='ocr_line' id='line_1_17' title="bbox 124 1570 1057 1648; baseline 0.002 -24"><span class='ocrx_word' id='word_1_143' title='bbox 124 1581 132 1606; x_wconf 82' lang='lat'>‘</span> <span class='ocrx_word' id='word_1_144' title='bbox 146 1589 200 1643; x_wconf 86' lang='lat' dir='ltr'>que</span> <span class='ocrx_word' id='word_1_145' title='bbox 214 1571 315 1627; x_wconf 87' lang='lat' dir='ltr'>doloris</span> <span class='ocrx_word' id='word_1_146' title='bbox 328 1572 497 1646; x_wconf 83' lang='lat' dir='ltr'>exsequendi</span> <span class='ocrx_word' id='word_1_147' title='bbox 505 1571 554 1648; x_wconf 91' lang='lat' dir='ltr'>jus</span> <span class='ocrx_word' id='word_1_148' title='bbox 567 1584 786 1648; x_wconf 74' lang='lat' dir='ltr'>potestatemque</span> <span class='ocrx_word' id='word_1_149' title='bbox 800 1591 835 1628; x_wconf 86' lang='lat' dir='ltr'>ex</span> <span class='ocrx_word' id='word_1_150' title='bbox 848 1572 962 1628; x_wconf 86' lang='lat' dir='ltr'>duobus</span> <span class='ocrx_word' id='word_1_151' title='bbox 976 1570 1057 1626; x_wconf 85' lang='lat' dir='ltr'>noxiis</span> 
     </span>
     <span class='ocr_line' id='line_1_18' title="bbox 123 1649 1055 1726; baseline 0.001 -21"><span class='ocrx_word' id='word_1_152' title='bbox 123 1659 130 1686; x_wconf 87' lang='lat'>‘</span> <span class='ocrx_word' id='word_1_153' title='bbox 146 1649 281 1724; x_wconf 80' lang='lat' dir='ltr'>capitibus</span> <span class='ocrx_word' id='word_1_154' title='bbox 294 1650 385 1707; x_wconf 88' lang='lat' dir='ltr'>datam</span> <span class='ocrx_word' id='word_1_155' title='bbox 399 1652 434 1708; x_wconf 86' lang='lat' dir='ltr'>ab</span> <span class='ocrx_word' id='word_1_156' title='bbox 447 1650 665 1718; x_wconf 87' lang='lat' dir='ltr'>se,’memorant.</span> <span class='ocrx_word' id='word_1_157' title='bbox 705 1659 713 1686; x_wconf 82' lang='lat'>⁶</span> <span class='ocrx_word' id='word_1_158' title='bbox 728 1651 862 1709; x_wconf 83' lang='lat' dir='ltr'>Omnium</span> <span class='ocrx_word' id='word_1_159' title='bbox 873 1669 996 1726; x_wconf 84' lang='lat' dir='ltr'>namque</span> <span class='ocrx_word' id='word_1_160' title='bbox 1006 1668 1055 1706; x_wconf 84' lang='lat' dir='ltr'>ma·</span> 
     </span>
     <span class='ocr_line' id='line_1_19' title="bbox 123 1727 1055 1806; baseline 0.002 -23"><span class='ocrx_word' id='word_1_161' title='bbox 123 1739 131 1766; x_wconf 75' lang='lat'><em>⁶</em></span> <span class='ocrx_word' id='word_1_162' title='bbox 145 1727 235 1784; x_wconf 90' lang='lat' dir='ltr'>lorum</span> <span class='ocrx_word' id='word_1_163' title='bbox 244 1730 271 1786; x_wconf 94' lang='lat' dir='ltr'>in</span> <span class='ocrx_word' id='word_1_164' title='bbox 282 1729 379 1805; x_wconf 87' lang='lat' dir='ltr'>Sergio</span> <span class='ocrx_word' id='word_1_165' title='bbox 387 1729 566 1806; x_wconf 89' lang='lat' dir='ltr'>Virginioqne</span> <span class='ocrx_word' id='word_1_166' title='bbox 577 1749 672 1789; x_wconf 84' lang='lat' dir='ltr'>causes</span> <span class='ocrx_word' id='word_1_167' title='bbox 680 1749 757 1798; x_wconf 87' lang='lat' dir='ltr'>esse;</span> <span class='ocrx_word' id='word_1_168' title='bbox 770 1749 822 1786; x_wconf 91' lang='lat' dir='ltr'>nec</span> <span class='ocrx_word' id='word_1_169' title='bbox 829 1730 858 1786; x_wconf 89' lang='lat' dir='ltr'>id</span> <span class='ocrx_word' id='word_1_170' title='bbox 872 1742 1055 1787; x_wconf 86' lang='lat' dir='ltr'>accusatorem</span> 
     </span>
     <span class='ocr_line' id='line_1_20' title="bbox 123 1807 1054 1884; baseline -0.001 -21"><span class='ocrx_word' id='word_1_171' title='bbox 123 1818 131 1844; x_wconf 91' lang='lat'>‘</span> <span class='ocrx_word' id='word_1_172' title='bbox 145 1809 233 1883; x_wconf 89' lang='lat' dir='ltr'>magis</span> <span class='ocrx_word' id='word_1_173' title='bbox 252 1829 376 1884; x_wconf 89' lang='lat' dir='ltr'>arguere,</span> <span class='ocrx_word' id='word_1_174' title='bbox 389 1808 471 1884; x_wconf 69' lang='lat' dir='ltr'>quim</span> <span class='ocrx_word' id='word_1_175' title='bbox 491 1809 571 1867; x_wconf 85' lang='lat' dir='ltr'>lateri</span> <span class='ocrx_word' id='word_1_176' title='bbox 590 1829 668 1878; x_wconf 86' lang='lat' dir='ltr'>reos;</span> <span class='ocrx_word' id='word_1_177' title='bbox 687 1809 744 1884; x_wconf 91' lang='lat' dir='ltr'>qui,</span> <span class='ocrx_word' id='word_1_178' title='bbox 758 1809 834 1866; x_wconf 85' lang='lat' dir='ltr'>noxii</span> <span class='ocrx_word' id='word_1_179' title='bbox 846 1809 941 1877; x_wconf 90' lang='lat' dir='ltr'>ambo,</span> <span class='ocrx_word' id='word_1_180' title='bbox 954 1809 1020 1866; x_wconf 86' lang='lat' dir='ltr'>alter</span> <span class='ocrx_word' id='word_1_181' title='bbox 1031 1807 1054 1862; x_wconf 91' lang='lat' dir='ltr'>in</span> 
     </span>
     <span class='ocr_line' id='line_1_21' title="bbox 124 1886 1052 1964; baseline -0.004 -19"><span class='ocrx_word' id='word_1_182' title='bbox 124 1888 262 1946; x_wconf 86' lang='lat' dir='ltr'>‘alterum</span> <span class='ocrx_word' id='word_1_183' title='bbox 283 1907 393 1946; x_wconf 84' lang='lat' dir='ltr'>causam</span> <span class='ocrx_word' id='word_1_184' title='bbox 407 1889 555 1957; x_wconf 88' lang='lat' dir='ltr'>conferant,</span> <span class='ocrx_word' id='word_1_185' title='bbox 569 1889 662 1964; x_wconf 84' lang='lat' dir='ltr'>fugem</span> <span class='ocrx_word' id='word_1_186' title='bbox 671 1889 766 1962; x_wconf 72' lang='lat' dir='ltr'>,Sergii</span> <span class='ocrx_word' id='word_1_187' title='bbox 780 1888 933 1963; x_wconf 85' lang='lat' dir='ltr'>Virginius,</span> <span class='ocrx_word' id='word_1_188' title='bbox 950 1886 1052 1961; x_wconf 87' lang='lat' dir='ltr'>Sergios</span> 
     </span>
     <span class='ocr_line' id='line_1_22' title="bbox 123 1965 1054 2046; baseline -0.005 -21"><span class='ocrx_word' id='word_1_189' title='bbox 123 1978 132 2006; x_wconf 82' lang='lat'>‘</span> <span class='ocrx_word' id='word_1_190' title='bbox 146 1969 328 2044; x_wconf 86' lang='lat' dir='ltr'>proditionem</span> <span class='ocrx_word' id='word_1_191' title='bbox 338 1965 481 2046; x_wconf 82' lang='lat' dir='ltr'>increpans</span> <span class='ocrx_word' id='word_1_192' title='bbox 490 1967 615 2043; x_wconf 86' lang='lat' dir='ltr'>Virginii.</span> <span class='ocrx_word' id='word_1_193' title='bbox 656 1967 781 2030; x_wconf 84' lang='lat' dir='ltr'>Quorum</span> <span class='ocrx_word' id='word_1_194' title='bbox 792 1967 863 2024; x_wconf 85' lang='lat' dir='ltr'>adeb</span> <span class='ocrx_word' id='word_1_195' title='bbox 872 1965 1054 2024; x_wconf 85' lang='lat' dir='ltr'>incredibilem</span> 
     </span>
     <span class='ocr_line' id='line_1_23' title="bbox 124 2045 1055 2120; baseline -0.005 -15"><span class='ocrx_word' id='word_1_196' title='bbox 124 2050 294 2108; x_wconf 85' lang='lat' dir='ltr'>‘amentiam</span> <span class='ocrx_word' id='word_1_197' title='bbox 314 2049 406 2116; x_wconf 83' lang='lat' dir='ltr'>fnisse,</span> <span class='ocrx_word' id='word_1_198' title='bbox 426 2060 459 2105; x_wconf 90' lang='lat' dir='ltr'>ut</span> <span class='ocrx_word' id='word_1_199' title='bbox 479 2047 566 2104; x_wconf 85' lang='lat' dir='ltr'>multo</span> <span class='ocrx_word' id='word_1_200' title='bbox 579 2045 751 2104; x_wconf 87' lang='lat' dir='ltr'>verisimilius</span> <span class='ocrx_word' id='word_1_201' title='bbox 770 2046 814 2114; x_wconf 88' lang='lat' dir='ltr'>sit,</span> <span class='ocrx_word' id='word_1_202' title='bbox 836 2059 985 2120; x_wconf 87' lang='lat' dir='ltr'>compacto</span> <span class='ocrx_word' id='word_1_203' title='bbox 1003 2063 1055 2102; x_wconf 87' lang='lat' dir='ltr'>earn</span> 
     </span>
     <span class='ocr_line' id='line_1_24' title="bbox 123 2115 1055 2203; baseline -0.011 -17"><span class='ocrx_word' id='word_1_204' title='bbox 123 2139 131 2167; x_wconf 80' lang='lat'><strong><em>⁴</em></strong></span> <span class='ocrx_word' id='word_1_205' title='bbox 144 2150 203 2188; x_wconf 86' lang='lat' dir='ltr'>rem</span> <span class='ocrx_word' id='word_1_206' title='bbox 217 2143 246 2188; x_wconf 91' lang='lat' dir='ltr'>et</span> <span class='ocrx_word' id='word_1_207' title='bbox 259 2129 400 2188; x_wconf 87' lang='lat' dir='ltr'>communi</span> <span class='ocrx_word' id='word_1_208' title='bbox 412 2127 509 2186; x_wconf 89' lang='lat' dir='ltr'>fraude</span> <span class='ocrx_word' id='word_1_209' title='bbox 520 2127 696 2203; x_wconf 87' lang='lat' dir='ltr'>patriciorum</span> <span class='ocrx_word' id='word_1_210' title='bbox 706 2138 804 2183; x_wconf 69' lang='lat' dir='ltr'>actam</span> <span class='ocrx_word' id='word_1_211' title='bbox 845 2127 892 2182; x_wconf 92' lang='lat' dir='ltr'>Ab</span> <span class='ocrx_word' id='word_1_212' title='bbox 901 2125 947 2182; x_wconf 87' lang='lat' dir='ltr'>his</span> <span class='ocrx_word' id='word_1_213' title='bbox 956 2137 984 2182; x_wconf 88' lang='lat' dir='ltr'>et</span> <span class='ocrx_word' id='word_1_214' title='bbox 991 2115 1055 2200; x_wconf 82' lang='lat' dir='ltr'>pride</span> 
     </span>
     <span class='ocr_line' id='line_1_25' title="bbox 124 2200 1054 2286; baseline -0.01 -20"><span class='ocrx_word' id='word_1_215' title='bbox 124 2219 133 2245; x_wconf 80' lang='lat'>⁸</span> <span class='ocrx_word' id='word_1_216' title='bbox 148 2210 243 2266; x_wconf 86' lang='lat' dir='ltr'>datum</span> <span class='ocrx_word' id='word_1_217' title='bbox 257 2210 350 2268; x_wconf 89' lang='lat' dir='ltr'>locum</span> <span class='ocrx_word' id='word_1_218' title='bbox 364 2207 526 2286; x_wconf 85' lang='lat' dir='ltr'>Vejentibus</span> <span class='ocrx_word' id='word_1_219' title='bbox 536 2205 751 2263; x_wconf 83' lang='lat' dir='ltr'>edincendenda</span> <span class='ocrx_word' id='word_1_220' title='bbox 760 2223 851 2280; x_wconf 88' lang='lat' dir='ltr'>opera,</span> <span class='ocrx_word' id='word_1_221' title='bbox 861 2204 930 2261; x_wconf 85' lang='lat' dir='ltr'>belli</span> <span class='ocrx_word' id='word_1_222' title='bbox 941 2200 1054 2261; x_wconf 85' lang='lat' dir='ltr'>trahendi</span> 
     </span>
     <span class='ocr_line' id='line_1_26' title="bbox 125 2282 1055 2363; baseline -0.011 -17"><span class='ocrx_word' id='word_1_223' title='bbox 125 2298 133 2324; x_wconf 90' lang='lat'>‘</span> <span class='ocrx_word' id='word_1_224' title='bbox 147 2290 245 2355; x_wconf 75' lang='lat' dir='ltr'>uust;</span> <span class='ocrx_word' id='word_1_225' title='bbox 265 2303 375 2346; x_wconf 85' lang='lat' dir='ltr'>ernunc</span> <span class='ocrx_word' id='word_1_226' title='bbox 385 2288 523 2363; x_wconf 87' lang='lat' dir='ltr'>proditum</span> <span class='ocrx_word' id='word_1_227' title='bbox 533 2285 693 2352; x_wconf 82' lang='lat' dir='ltr'>exercitum,</span> <span class='ocrx_word' id='word_1_228' title='bbox 704 2285 805 2341; x_wconf 86' lang='lat' dir='ltr'>tradita</span> <span class='ocrx_word' id='word_1_229' title='bbox 814 2282 929 2340; x_wconf 83' lang='lat' dir='ltr'>Faliscis</span> <span class='ocrx_word' id='word_1_230' title='bbox 941 2284 1055 2341; x_wconf 83' lang='lat' dir='ltr'>Romans</span> 
     </span>
     <span class='ocr_line' id='line_1_27' title="bbox 125 2362 1054 2439; baseline -0.013 -13"><span class='ocrx_word' id='word_1_231' title='bbox 125 2376 132 2404; x_wconf 86' lang='lat'>‘</span> <span class='ocrx_word' id='word_1_232' title='bbox 147 2379 243 2426; x_wconf 84' lang='lat' dir='ltr'>castra.</span> <span class='ocrx_word' id='word_1_233' title='bbox 284 2366 386 2424; x_wconf 86' lang='lat' dir='ltr'>Omnia</span> <span class='ocrx_word' id='word_1_234' title='bbox 395 2365 463 2433; x_wconf 88' lang='lat' dir='ltr'>fieri,</span> <span class='ocrx_word' id='word_1_235' title='bbox 477 2377 509 2422; x_wconf 92' lang='lat' dir='ltr'>ut</span> <span class='ocrx_word' id='word_1_236' title='bbox 519 2376 695 2422; x_wconf 78' lang='lat' dir='ltr'>consenescat</span> <span class='ocrx_word' id='word_1_237' title='bbox 708 2364 743 2420; x_wconf 85' lang='lat' dir='ltr'>ad</span> <span class='ocrx_word' id='word_1_238' title='bbox 753 2362 837 2439; x_wconf 88' lang='lat' dir='ltr'>Vejos</span> <span class='ocrx_word' id='word_1_239' title='bbox 842 2362 994 2438; x_wconf 84' lang='lat' dir='ltr'>juventus:</span> <span class='ocrx_word' id='word_1_240' title='bbox 1012 2377 1054 2416; x_wconf 86' lang='lat' dir='ltr'>ner</span> 
     </span>
     <span class='ocr_line' id='line_1_28' title="bbox 125 2440 1052 2522; baseline -0.012 -18"><span class='ocrx_word' id='word_1_241' title='bbox 125 2447 181 2504; x_wconf 86' lang='lat' dir='ltr'>‘de</span> <span class='ocrx_word' id='word_1_242' title='bbox 201 2445 282 2522; x_wconf 87' lang='lat' dir='ltr'>agris,</span> <span class='ocrx_word' id='word_1_243' title='bbox 299 2465 351 2503; x_wconf 91' lang='lat' dir='ltr'>nec</span> <span class='ocrx_word' id='word_1_244' title='bbox 370 2445 406 2501; x_wconf 90' lang='lat' dir='ltr'>de</span> <span class='ocrx_word' id='word_1_245' title='bbox 425 2445 484 2501; x_wconf 89' lang='lat' dir='ltr'>aliis</span> <span class='ocrx_word' id='word_1_246' title='bbox 504 2443 656 2500; x_wconf 86' lang='lat' dir='ltr'>commodis</span> <span class='ocrx_word' id='word_1_247' title='bbox 677 2442 765 2518; x_wconf 87' lang='lat' dir='ltr'>plebis</span> <span class='ocrx_word' id='word_1_248' title='bbox 784 2442 910 2500; x_wconf 79' lang='lat' dir='ltr'>ferread</span> <span class='ocrx_word' id='word_1_249' title='bbox 931 2440 1052 2518; x_wconf 85' lang='lat' dir='ltr'>populun</span> 
     </span>
     <span class='ocr_line' id='line_1_29' title="bbox 126 2520 1052 2602; baseline -0.011 -20"><span class='ocrx_word' id='word_1_250' title='bbox 126 2536 133 2562; x_wconf 78' lang='lat'>¹</span> <span class='ocrx_word' id='word_1_251' title='bbox 148 2525 259 2592; x_wconf 88' lang='lat' dir='ltr'>tribuni,</span> <span class='ocrx_word' id='word_1_252' title='bbox 273 2524 480 2602; x_wconf 71' lang='lat' dir='ltr'>frequentiaque</span> <span class='ocrx_word' id='word_1_253' title='bbox 493 2523 599 2580; x_wconf 75' lang='lat' dir='ltr'>urbanis</span> <span class='ocrx_word' id='word_1_254' title='bbox 610 2523 746 2580; x_wconf 85' lang='lat' dir='ltr'>celebrare</span> <span class='ocrx_word' id='word_1_255' title='bbox 760 2521 889 2588; x_wconf 86' lang='lat' dir='ltr'>actiones,</span> <span class='ocrx_word' id='word_1_256' title='bbox 899 2533 930 2578; x_wconf 92' lang='lat' dir='ltr'>et</span> <span class='ocrx_word' id='word_1_257' title='bbox 939 2520 1052 2577; x_wconf 86' lang='lat' dir='ltr'>resistere</span> 
     </span>
     <span class='ocr_line' id='line_1_30' title="bbox 127 2596 1052 2682; baseline -0.014 -19"><span class='ocrx_word' id='word_1_258' title='bbox 127 2614 134 2642; x_wconf 86' lang='lat'>‘</span> <span class='ocrx_word' id='word_1_259' title='bbox 148 2605 343 2682; x_wconf 86' lang='lat' dir='ltr'>conspirationi</span> <span class='ocrx_word' id='word_1_260' title='bbox 352 2604 526 2680; x_wconf 88' lang='lat' dir='ltr'>patriciorum</span> <span class='ocrx_word' id='word_1_261' title='bbox 538 2603 652 2677; x_wconf 82' lang='lat' dir='ltr'>possint.</span> <span class='ocrx_word' id='word_1_262' title='bbox 687 2599 889 2676; x_wconf 84' lang='lat' dir='ltr'>Praejudiciurn</span> <span class='ocrx_word' id='word_1_263' title='bbox 897 2599 955 2676; x_wconf 88' lang='lat' dir='ltr'>jem</span> <span class='ocrx_word' id='word_1_264' title='bbox 967 2599 1000 2656; x_wconf 94' lang='lat' dir='ltr'>de</span> <span class='ocrx_word' id='word_1_265' title='bbox 1009 2596 1052 2652; x_wconf 86' lang='lat' dir='ltr'>reis</span> 
     </span>
     <span class='ocr_line' id='line_1_31' title="bbox 125 2674 1052 2760; baseline -0.016 -17"><span class='ocrx_word' id='word_1_266' title='bbox 125 2694 133 2722; x_wconf 83' lang='lat'>⁸</span> <span class='ocrx_word' id='word_1_267' title='bbox 147 2698 176 2742; x_wconf 90' lang='lat' dir='ltr'>et</span> <span class='ocrx_word' id='word_1_268' title='bbox 195 2687 230 2743; x_wconf 83' lang='lat' dir='ltr'>ab</span> <span class='ocrx_word' id='word_1_269' title='bbox 249 2697 356 2754; x_wconf 87' lang='lat' dir='ltr'>senatu,</span> <span class='ocrx_word' id='word_1_270' title='bbox 372 2695 400 2740; x_wconf 88' lang='lat' dir='ltr'>et</span> <span class='ocrx_word' id='word_1_271' title='bbox 413 2683 448 2740; x_wconf 88' lang='lat' dir='ltr'>ab</span> <span class='ocrx_word' id='word_1_272' title='bbox 461 2681 563 2760; x_wconf 91' lang='lat' dir='ltr'>populo</span> <span class='ocrx_word' id='word_1_273' title='bbox 578 2681 713 2747; x_wconf 85' lang='lat' dir='ltr'>Romano,</span> <span class='ocrx_word' id='word_1_274' title='bbox 727 2693 757 2737; x_wconf 90' lang='lat' dir='ltr'>et</span> <span class='ocrx_word' id='word_1_275' title='bbox 769 2681 804 2737; x_wconf 88' lang='lat' dir='ltr'>ab</span> <span class='ocrx_word' id='word_1_276' title='bbox 817 2679 940 2755; x_wconf 80' lang='lat' dir='ltr'>ipsorum</span> <span class='ocrx_word' id='word_1_277' title='bbox 954 2674 1052 2749; x_wconf 86' lang='lat' dir='ltr'>collegis</span> 
     </span>
     <span class='ocr_line' id='line_1_32' title="bbox 126 2753 1053 2834; baseline -0.011 -14"><span class='ocrx_word' id='word_1_278' title='bbox 126 2764 252 2822; x_wconf 84' lang='lat' dir='ltr'>‘facturn</span> <span class='ocrx_word' id='word_1_279' title='bbox 276 2783 345 2822; x_wconf 89' lang='lat' dir='ltr'>esse.</span> <span class='ocrx_word' id='word_1_280' title='bbox 385 2761 458 2820; x_wconf 84' lang='lat' dir='ltr'>Nam</span> <span class='ocrx_word' id='word_1_281' title='bbox 478 2774 507 2818; x_wconf 89' lang='lat' dir='ltr'>et</span> <span class='ocrx_word' id='word_1_282' title='bbox 526 2760 638 2818; x_wconf 74' lang='lat' dir='ltr'>senatuis</span> <span class='ocrx_word' id='word_1_283' title='bbox 655 2759 780 2816; x_wconf 87' lang='lat' dir='ltr'>consulto</span> <span class='ocrx_word' id='word_1_284' title='bbox 799 2777 847 2816; x_wconf 91' lang='lat' dir='ltr'>eos</span> <span class='ocrx_word' id='word_1_285' title='bbox 867 2759 902 2815; x_wconf 88' lang='lat' dir='ltr'>ab</span> <span class='ocrx_word' id='word_1_286' title='bbox 923 2753 1053 2834; x_wconf 72' lang='lat' dir='ltr'>republirl</span> 
     </span>
     <span class='ocr_line' id='line_1_33' title="bbox 128 2835 1052 2918; baseline -0.013 -17"><span class='ocrx_word' id='word_1_287' title='bbox 128 2855 136 2882; x_wconf 81' lang='lat'><em>⁴</em></span> <span class='ocrx_word' id='word_1_288' title='bbox 151 2858 272 2902; x_wconf 88' lang='lat' dir='ltr'>remotos</span> <span class='ocrx_word' id='word_1_289' title='bbox 285 2863 345 2901; x_wconf 86' lang='lat' dir='ltr'>esse</span> <span class='ocrx_word' id='word_1_290' title='bbox 355 2842 375 2911; x_wconf 76' lang='lat'>²,</span> <span class='ocrx_word' id='word_1_291' title='bbox 389 2854 426 2910; x_wconf 84' lang='lat' dir='ltr'>st,</span> <span class='ocrx_word' id='word_1_292' title='bbox 440 2851 597 2918; x_wconf 79' lang='lat' dir='ltr'>recusantes</span> <span class='ocrx_word' id='word_1_293' title='bbox 610 2839 736 2896; x_wconf 87' lang='lat' dir='ltr'>abdicare</span> <span class='ocrx_word' id='word_1_294' title='bbox 750 2857 779 2896; x_wconf 90' lang='lat' dir='ltr'>se</span> <span class='ocrx_word' id='word_1_295' title='bbox 793 2837 965 2912; x_wconf 87' lang='lat' dir='ltr'>magistratu,</span> <span class='ocrx_word' id='word_1_296' title='bbox 979 2835 1052 2892; x_wconf 82' lang='lat' dir='ltr'>dicta·</span> 
     </span>
     <span class='ocr_line' id='line_1_34' title="bbox 129 2917 1051 2994; baseline -0.018 -11"><span class='ocrx_word' id='word_1_297' title='bbox 129 2933 136 2962; x_wconf 90' lang='lat'>‘</span> <span class='ocrx_word' id='word_1_298' title='bbox 151 2925 218 2982; x_wconf 89' lang='lat' dir='ltr'>toris</span> <span class='ocrx_word' id='word_1_299' title='bbox 232 2935 309 2982; x_wconf 88' lang='lat' dir='ltr'>metu</span> <span class='ocrx_word' id='word_1_300' title='bbox 321 2924 356 2979; x_wconf 82' lang='lat' dir='ltr'>ab</span> <span class='ocrx_word' id='word_1_301' title='bbox 366 2920 476 2994; x_wconf 88' lang='lat' dir='ltr'>collegis</span> <span class='ocrx_word' id='word_1_302' title='bbox 485 2918 618 2978; x_wconf 71' lang='lat' dir='ltr'>coercitos</span> <span class='ocrx_word' id='word_1_303' title='bbox 631 2937 709 2975; x_wconf 88' lang='lat' dir='ltr'>esse:</span> <span class='ocrx_word' id='word_1_304' title='bbox 727 2917 895 2993; x_wconf 88' lang='lat' dir='ltr'>etpopulum</span> <span class='ocrx_word' id='word_1_305' title='bbox 906 2917 1051 2973; x_wconf 78' lang='lat' dir='ltr'>Romanurn</span> 
     </span>
     <span class='ocr_line' id='line_1_35' title="bbox 129 2989 1050 3074; baseline -0.017 -13"><span class='ocrx_word' id='word_1_306' title='bbox 129 3014 138 3040; x_wconf 88' lang='lat'>‘</span> <span class='ocrx_word' id='word_1_307' title='bbox 152 3003 277 3062; x_wconf 84' lang='lat' dir='ltr'>tribunos</span> <span class='ocrx_word' id='word_1_308' title='bbox 297 3002 413 3065; x_wconf 68' lang='lat' dir='ltr'>creasse,</span> <span class='ocrx_word' id='word_1_309' title='bbox 434 3000 481 3074; x_wconf 92' lang='lat' dir='ltr'>qui</span> <span class='ocrx_word' id='word_1_310' title='bbox 497 3017 552 3056; x_wconf 92' lang='lat' dir='ltr'>non</span> <span class='ocrx_word' id='word_1_311' title='bbox 566 2997 662 3054; x_wconf 91' lang='lat' dir='ltr'>Idibus</span> <span class='ocrx_word' id='word_1_312' title='bbox 675 2996 878 3054; x_wconf 87' lang='lat' dir='ltr'>Decembribus</span> <span class='ocrx_word' id='word_1_313' title='bbox 891 2996 937 3053; x_wconf 92' lang='lat' dir='ltr'>die</span> <span class='ocrx_word' id='word_1_314' title='bbox 950 2989 1050 3055; x_wconf 87' lang='lat' dir='ltr'>solenni,</span> 
     </span>
     <span class='ocr_line' id='line_1_36' title="bbox 130 3073 1051 3157; baseline -0.018 -16"><span class='ocrx_word' id='word_1_315' title='bbox 130 3084 200 3140; x_wconf 86' lang='lat' dir='ltr'>‘sed</span> <span class='ocrx_word' id='word_1_316' title='bbox 211 3081 350 3157; x_wconf 87' lang='lat' dir='ltr'>extemplo</span> <span class='ocrx_word' id='word_1_317' title='bbox 364 3078 498 3138; x_wconf 83' lang='lat' dir='ltr'>Kalendis</span> <span class='ocrx_word' id='word_1_318' title='bbox 513 3076 682 3135; x_wconf 88' lang='lat' dir='ltr'>Octobribus</span> <span class='ocrx_word' id='word_1_319' title='bbox 695 3075 883 3151; x_wconf 86' lang='lat' dir='ltr'>magistratum</span> <span class='ocrx_word' id='word_1_320' title='bbox 898 3073 1051 3148; x_wconf 78' lang='lat' dir='ltr'>scriperem,</span> 
     </span>
     <span class='ocr_line' id='line_1_37' title="bbox 127 3153 1049 3238; baseline -0.018 -17"><span class='ocrx_word' id='word_1_321' title='bbox 127 3173 136 3200; x_wconf 76' lang='lat'><strong>⁴</strong></span> <span class='ocrx_word' id='word_1_322' title='bbox 151 3163 215 3238; x_wconf 84' lang='lat' dir='ltr'>quie</span> <span class='ocrx_word' id='word_1_323' title='bbox 227 3173 300 3218; x_wconf 86' lang='lat' dir='ltr'>stare</span> <span class='ocrx_word' id='word_1_324' title='bbox 313 3159 416 3216; x_wconf 87' lang='lat' dir='ltr'>diutius</span> <span class='ocrx_word' id='word_1_325' title='bbox 429 3157 591 3233; x_wconf 86' lang='lat' dir='ltr'>respublica,</span> <span class='ocrx_word' id='word_1_326' title='bbox 607 3154 650 3212; x_wconf 90' lang='lat' dir='ltr'>his</span> <span class='ocrx_word' id='word_1_327' title='bbox 664 3155 836 3212; x_wconf 87' lang='lat' dir='ltr'>manentibus</span> <span class='ocrx_word' id='word_1_328' title='bbox 848 3153 878 3210; x_wconf 86' lang='lat' dir='ltr'>in</span> <span class='ocrx_word' id='word_1_329' title='bbox 894 3153 1049 3228; x_wconf 86' lang='lat' dir='ltr'>magistratu,</span> 
     </span>
     <span class='ocr_line' id='line_1_38' title="bbox 128 3231 1050 3318; baseline -0.017 -20"><span class='ocrx_word' id='word_1_330' title='bbox 128 3251 138 3278; x_wconf 77' lang='lat'><strong>⁴</strong></span> <span class='ocrx_word' id='word_1_331' title='bbox 152 3261 207 3300; x_wconf 90' lang='lat' dir='ltr'>non</span> <span class='ocrx_word' id='word_1_332' title='bbox 221 3251 322 3318; x_wconf 88' lang='lat' dir='ltr'>posset.</span> <span class='ocrx_word' id='word_1_333' title='bbox 363 3237 402 3294; x_wconf 91' lang='lat' dir='ltr'>Et</span> <span class='ocrx_word' id='word_1_334' title='bbox 413 3248 505 3294; x_wconf 88' lang='lat' dir='ltr'>tamen</span> <span class='ocrx_word' id='word_1_335' title='bbox 519 3255 575 3302; x_wconf 89' lang='lat' dir='ltr'>eos,</span> <span class='ocrx_word' id='word_1_336' title='bbox 594 3247 636 3292; x_wconf 91' lang='lat' dir='ltr'>tot</span> <span class='ocrx_word' id='word_1_337' title='bbox 643 3234 757 3310; x_wconf 83' lang='lat' dir='ltr'>judiciis</span> <span class='ocrx_word' id='word_1_338' title='bbox 771 3234 909 3291; x_wconf 87' lang='lat' dir='ltr'>confossos</span> <span class='ocrx_word' id='word_1_339' title='bbox 922 3231 1050 3307; x_wconf 77' lang='lat' dir='ltr'>praedam·</span> 
     </span>
     <span class='ocr_line' id='line_1_39' title="bbox 129 3310 1052 3396; baseline -0.02 -18"><span class='ocrx_word' id='word_1_340' title='bbox 129 3331 138 3356; x_wconf 84' lang='lat'>‘</span> <span class='ocrx_word' id='word_1_341' title='bbox 152 3335 294 3396; x_wconf 87' lang='lat' dir='ltr'>natosque,</span> <span class='ocrx_word' id='word_1_342' title='bbox 308 3316 400 3373; x_wconf 87' lang='lat' dir='ltr'>venire</span> <span class='ocrx_word' id='word_1_343' title='bbox 408 3315 443 3372; x_wconf 90' lang='lat' dir='ltr'>ad</span> <span class='ocrx_word' id='word_1_344' title='bbox 452 3315 546 3391; x_wconf 87' lang='lat' dir='ltr'>populi</span> <span class='ocrx_word' id='word_1_345' title='bbox 550 3313 696 3390; x_wconf 87' lang='lat' dir='ltr'>judicium,</span> <span class='ocrx_word' id='word_1_346' title='bbox 707 3327 736 3370; x_wconf 91' lang='lat' dir='ltr'>et</span> <span class='ocrx_word' id='word_1_347' title='bbox 746 3313 909 3378; x_wconf 83' lang='lat' dir='ltr'>existimare,</span> <span class='ocrx_word' id='word_1_348' title='bbox 919 3310 1052 3369; x_wconf 79' lang='lat' dir='ltr'>defunctos</span> 
     </span>
     <span class='ocr_line' id='line_1_40' title="bbox 130 3387 1051 3469; baseline -0.012 -11"><span class='ocrx_word' id='word_1_349' title='bbox 130 3411 137 3437; x_wconf 88' lang='lat'>‘</span> <span class='ocrx_word' id='word_1_350' title='bbox 151 3421 181 3458; x_wconf 89' lang='lat' dir='ltr'>se</span> <span class='ocrx_word' id='word_1_351' title='bbox 201 3419 270 3465; x_wconf 86' lang='lat' dir='ltr'>esse,</span> <span class='ocrx_word' id='word_1_352' title='bbox 290 3395 410 3468; x_wconf 86' lang='lat' dir='ltr'>satisque</span> <span class='ocrx_word' id='word_1_353' title='bbox 423 3413 572 3469; x_wconf 89' lang='lat' dir='ltr'>poenarum</span> <span class='ocrx_word' id='word_1_354' title='bbox 586 3391 702 3460; x_wconf 89' lang='lat' dir='ltr'>dedisse,</span> <span class='ocrx_word' id='word_1_355' title='bbox 717 3389 792 3468; x_wconf 71' lang='lat' dir='ltr'>qubd</span> <span class='ocrx_word' id='word_1_356' title='bbox 805 3391 913 3450; x_wconf 88' lang='lat' dir='ltr'>duobus</span> <span class='ocrx_word' id='word_1_357' title='bbox 926 3387 1051 3448; x_wconf 70' lang='lat' dir='ltr'>mensibus</span> 
     </span>
     <span class='ocr_line' id='line_1_41' title="bbox 160 3487 1050 3558; baseline -0.018 -8"><span class='ocrx_word' id='word_1_358' title='bbox 160 3501 166 3529; x_wconf 89' lang='lat'>¹</span> <span class='ocrx_word' id='word_1_359' title='bbox 185 3502 290 3554; x_wconf 81' lang='lat' dir='ltr'>Inuidia,</span> <span class='ocrx_word' id='word_1_360' title='bbox 303 3493 363 3542; x_wconf 81' lang='lat' dir='ltr'>used</span> <span class='ocrx_word' id='word_1_361' title='bbox 373 3492 496 3558; x_wconf 76' lang='lat' dir='ltr'>passirely.</span> <span class='ocrx_word' id='word_1_362' title='bbox 537 3494 581 3540; x_wconf 82' lang='lat' dir='ltr'>see</span> <span class='ocrx_word' id='word_1_363' title='bbox 592 3507 616 3553; x_wconf 91' lang='lat' dir='ltr'>p.</span> <span class='ocrx_word' id='word_1_364' title='bbox 634 3491 688 3552; x_wconf 75' lang='lat' dir='ltr'>lea,</span> <span class='ocrx_word' id='word_1_365' title='bbox 700 3501 756 3538; x_wconf 85' lang='lat' dir='ltr'>note</span> <span class='ocrx_word' id='word_1_366' title='bbox 768 3491 793 3540; x_wconf 75' lang='lat'>4.</span> <span class='ocrx_word' id='word_1_367' title='bbox 877 3491 935 3539; x_wconf 68' lang='lat' dir='ltr'>*Ab</span> <span class='ocrx_word' id='word_1_368' title='bbox 945 3487 1050 3551; x_wconf 76' lang='lat' dir='ltr'>republica</span> 
     </span>
     <span class='ocr_line' id='line_1_42' title="bbox 126 3554 1019 3624; baseline -0.01 -13"><span class='ocrx_word' id='word_1_369' title='bbox 126 3578 222 3617; x_wconf 67' lang='lat' dir='ltr'>remoror</span> <span class='ocrx_word' id='word_1_370' title='bbox 232 3583 288 3624; x_wconf 70' lang='lat' dir='ltr'>em,</span> <span class='ocrx_word' id='word_1_371' title='bbox 299 3564 358 3611; x_wconf 83' lang='lat' dir='ltr'>here</span> <span class='ocrx_word' id='word_1_372' title='bbox 369 3559 545 3622; x_wconf 80' lang='lat' dir='ltr'>berndeposed</span> <span class='ocrx_word' id='word_1_373' title='bbox 555 3559 618 3608; x_wconf 81' lang='lat' dir='ltr'>from</span> <span class='ocrx_word' id='word_1_374' title='bbox 628 3559 669 3608; x_wconf 85' lang='lat' dir='ltr'>the</span> <span class='ocrx_word' id='word_1_375' title='bbox 680 3559 795 3610; x_wconf 79' lang='lat' dir='ltr'>directiou</span> <span class='ocrx_word' id='word_1_376' title='bbox 807 3558 837 3609; x_wconf 78' lang='lat' dir='ltr'>of</span> <span class='ocrx_word' id='word_1_377' title='bbox 844 3557 926 3622; x_wconf 87' lang='lat' dir='ltr'>publio</span> <span class='ocrx_word' id='word_1_378' title='bbox 939 3554 1019 3605; x_wconf 82' lang='lat' dir='ltr'>affairs.</span> 
     </span>
    </p>
   </div>
   <div class='ocr_carea' id='block_1_3' title="bbox 0 0 1120 3862">
    <p class='ocr_par' dir='ltr' id='par_1_3' title="bbox 0 0 1120 3862">
     <span class='ocr_line' id='line_1_43' title="bbox 0 0 1120 3862; baseline 0 0"><span class='ocrx_word' id='word_1_379' title='bbox 0 0 1120 3862; x_wconf 95' lang='lat' dir='ltr'> </span> 
     </span>
    </p>
   </div>
  </div>
 </body>
</html>
