2224 3862
132 257 189 314 290
540 250 575 309 T.
594 249 695 310 LlVll

121 435 186 492 'gus
199 403 348 471 bominum
356 407 434 476 vidit,
455 409 577 486 repente,
592 420 685 486 spreto
697 407 845 467 tribunicio
858 409 970 478 auxilio,
984 423 1063 470 certa·

133 514 199 552 men
219 489 376 550 conferendi
394 499 437 546 est
456 499 556 545 ortum.
597 487 644 556 Et,
666 487 728 564 lege
747 489 852 565 perlati
871 485 906 546 de
925 490 1065 548 indicendo

133 571 299 648 Vejentibus
312 569 393 637 bello,
407 567 558 625 exercitum
570 568 669 644 magna
677 577 712 624 ex
722 580 799 644 parte
811 569 994 626 voluntarium
1007 572 1064 628 novi

131 652 235 710 tribuni
249 650 367 708 militum
382 646 517 705 consulari
530 658 667 722 potestate
681 647 767 722 Vejus
781 649 894 705 duxere.

273 728 352 786 LXI.
380 727 468 784 Fuere
488 737 581 782 autem
602 726 706 783 tribuni
719 727 754 783 T.
768 727 917 790 Quinctius
940 727 1064 803 Capitoli·

133 802 194 906 {⁰53¹
233 829 294 877 nus,
310 809 345 876 Q.
360 804 508 870 Quinctius
520 804 709 872 Cincinnatus,
723 805 756 863 C.
766 805 858 864 Julius
870 806 949 863 Iulus
963 807 1063 874 iterum,

185 889 191 902 ‘
235 891 273 946 A.
287 885 420 954 Manlius,
434 884 469 942 L.
484 883 583 941 Furius
597 883 771 942 Medullinus
784 885 904 953 tertium,
919 884 964 941 M.
976 887 1063 944 Aemi-

86 1031 91 1048 ·
131 969 185 1026 lius
206 967 402 1025 Mamercinus.
430 963 491 1020 ·Ab
511 961 553 1019 bis
574 964 692 1039 primitur
713 965 886 1022 circumsessi
906 965 974 1042 Veji
993 979 1064 1031 suut;

132 1049 185 1106 sub
198 1046 277 1125 cujus
289 1045 398 1103 initium
417 1041 566 1100 obsidionis
579 1062 665 1118 quum
679 1043 859 1100 Etruscomm
875 1045 1023 1102 concilium
1035 1047 1063 1102 ad

131 1129 225 1185 sanum
240 1126 407 1183 Voltumnae
420 1122 578 1197 frequenter
592 1123 715 1180 habitunt
730 1135 811 1190 esset,
824 1131 924 1199 parum
939 1124 1063 1189 constitit,

131 1207 240 1264 bellone
253 1205 364 1282 publicu
377 1201 467 1278 gentis
480 1199 623 1259 universae
633 1203 729 1258 tuendi
741 1201 871 1277 Vejentes
885 1215 990 1260 essent.
1028 1203 1063 1260 Ea
1101 1213 1102 1274 ἴ

132 1285 301 1362 oppugnatio
318 1283 427 1358 segnior
446 1281 601 1354 insequenti
622 1301 694 1338 anno
714 1281 775 1348 suit,
796 1293 873 1357 parte
897 1282 1061 1340 tribunorum
1101 1279 1102 1344 Ξ

232 1362 424 1436 exercitusque
443 1361 478 1417 ad
495 1359 626 1418 Volscum
648 1360 762 1418 avocati
781 1361 891 1416 bellum.
935 1361 1063 1418 Tribunos

133 1448 158 1480 u.
172 1446 194 1480 ⁰·
231 1443 348 1500 utilitum
358 1439 493 1498 consulari
503 1451 639 1514 potestate
650 1440 673 1496 is
683 1458 770 1496 annus
780 1439 875 1496 habuit
885 1440 920 1498 C.
931 1440 1062 1498 Valerium

132 1501 192 1549 3⁵¹·
233 1521 356 1580 Potitum
371 1519 491 1586 tertium,
514 1518 557 1575 M.
576 1519 703 1594 Sergium
725 1517 894 1585 Fidenatem,
918 1519 953 1577 P.
969 1521 1062 1578 Corne·

129 1603 198 1658 lium
223 1599 455 1676 Maluginensem,
479 1597 531 1655 Cn.
556 1597 714 1659 Cornelium
740 1599 868 1666 Cossum,
891 1597 932 1655 K.
958 1599 1061 1657 Fabium
1101 1623 1102 1642 t

131 1681 311 1746 Ambustum,
328 1677 376 1754 sp:
391 1676 524 1735 Nautium
535 1677 661 1734 Rutilum
674 1677 783 1734 iterum.
824 1677 896 1735 Cum
909 1677 1019 1738 Volscis
1027 1681 1062 1735 in·

130 1772 173 1816 ter
194 1758 371 1816 Ferentinum
395 1768 478 1831 atque
502 1755 632 1814 Ecetram
659 1756 870 1832 signiscollatis
899 1757 1062 1817 dimicatum.

129 1835 265 1896 Romanis
287 1835 407 1894 secunda
423 1836 532 1892 fortuna
549 1845 657 1912 pugnae
677 1837 737 1892 fuit.
781 1838 887 1892 Artena
907 1837 985 1906 inde,
1005 1837 1061 1894 Vol·

129 1938 238 1975 scorum
259 1917 401 1993 oppidum,
423 1915 457 1972 ab
477 1915 594 1972 tribunis
611 1914 730 1972 obsideri
754 1929 859 1991 coepta.
908 1917 981 1974 Inde
1000 1917 1060 1973 iuter

129 1998 302 2074 eruptionem
316 2007 458 2063 tentatam,
472 1994 615 2071 compulso
628 1994 656 2050 in
670 1994 766 2051 urbem
780 1994 868 2065 hoste,
883 1997 994 2054 occasio
1006 1997 1060 2053 data

129 2089 172 2134 est
187 2075 320 2134 Romanis
334 2074 521 2150 irrumpendi;
540 2086 702 2150 praeterque
715 2093 805 2130 arcem
817 2087 909 2133 cetera
920 2088 1008 2152 capta.
1033 2075 1060 2131 lu

129 2176 220 2214 arcem
234 2154 368 2212 munitam
388 2154 486 2211 naturis
505 2152 603 2230 globus
623 2164 790 2210 armatorum
810 2157 956 2213 concessit.
997 2155 1059 2211 Infra

129 2255 219 2292 arcem
235 2234 307 2292 caesi
320 2232 449 2308 captique
461 2232 542 2289 multi
555 2232 694 2289 mortales.
734 2232 796 2288 Arx
810 2233 911 2292 deinde
927 2234 1058 2291 obsideba-

127 2327 192 2370 tur:
212 2333 264 2370 nec
277 2323 325 2370 aut
339 2311 366 2366 vi
379 2313 440 2387 capi
453 2323 569 2388 poterat,
581 2311 645 2387 quia
658 2329 708 2386 pro
722 2311 810 2386 spatio
823 2313 877 2370 loci
887 2313 956 2370 satis
969 2311 1058 2389 praesi-

129 2393 168 2448 dii
187 2392 320 2457 babebat3
339 2402 387 2446 aut
403 2409 481 2466 spem
502 2389 584 2448 dabat
605 2390 761 2458 deditionis,
785 2392 860 2448 omni
881 2392 1058 2468 publico-fru-

127 2484 232 2538 mento,
246 2469 321 2547 prius
334 2466 417 2544 qulam
431 2469 496 2525 urbs
510 2481 662 2544 caperetur,
673 2469 701 2525 in
710 2488 800 2527 arcem
812 2484 957 2530 convectu.
998 2471 1057 2528 Tae·

130 2551 232 2625 diuque
252 2565 390 2606 recessum
405 2547 469 2604 inde
482 2547 561 2615 foret,
582 2548 611 2604 ui
625 2567 719 2605 servus
732 2568 821 2606 arcem
833 2551 840 2579 ¹
856 2551 992 2608 Romanis
1005 2569 1057 2627 pro-

130 2629 253 2686 didisset.
294 2628 341 2685 Ab
355 2645 388 2684 eo
401 2627 502 2684 milites
519 2645 568 2704 per
587 2627 679 2684 locum
699 2628 814 2684 arduum
837 2631 945 2706 accepti
962 2649 1057 2706 cepere.
1101 2627 1102 2672 l

130 2709 158 2764 A
174 2708 274 2782 quibus
287 2726 372 2782 quum
387 2707 515 2763 custodes
528 2707 738 2775 trucidarentur,
750 2720 841 2766 cetera
854 2709 1012 2776 multitudo,
1022 2729 1056 2764 re-

127 2788 242 2862 pentino
255 2805 355 2864 pavore
368 2804 506 2862 oppressa,
520 2785 548 2842 in
559 2785 728 2843 deditionem
738 2787 820 2844 venit.
854 2787 960 2846 Diruta
967 2801 995 2846 et
1004 2807 1056 2846 arce

127 2880 157 2923 et
176 2868 243 2924 urbe
263 2865 379 2932 Artena,
402 2865 531 2922 reductae
549 2865 670 2941 legiones
690 2885 726 2922 ex
739 2865 848 2924 Volscis
867 2869 1011 2943 omnisque
1022 2867 1055 2921 vis
1074 2890 1077 2899 ¹

122 2946 256 3003 Romana
268 2943 353 3021 Vejus
366 2963 498 3002 conversa
514 2955 565 3001 est.
606 2943 752 3012 Proditori,
774 2959 883 3021 praeter
901 2947 1054 3011 libertatern,

128 3026 244 3082 duarum
264 3023 426 3080 familiarum
447 3025 519 3081 buna
537 3023 566 3079 in
585 3023 738 3098 praemium
760 3025 832 3083 data.
874 3025 986 3084 Servius
1006 3026 1054 3082 Ro·

126 3124 225 3162 manus
249 3103 394 3160 vocitatur.
443 3101 522 3171 Sunt,
550 3103 598 3178 'qui
622 3111 629 3137 ‘
654 3105 787 3160 Artenam
813 3103 983 3181 cheutium,
1008 3123 1054 3160 nun

127 3183 325 3248 ffVolscomm,
342 3180 434 3238 luisse'
448 3183 569 3239 credaut.
611 3183 728 3240 Praebet
747 3203 876 3253 errorem,
897 3181 973 3260 quud
992 3183 1054 3262 ejus-

128 3261 192 3321 d'em
206 3260 324 3319 nominis
336 3259 402 3316 urbs
416 3260 488 3318 inter
499 3260 586 3320 Caere
599 3275 682 3336 atque
698 3259 782 3338 Vejos
795 3263 864 3320 luit:
884 3265 933 3322 sed
946 3283 1006 3322 earu
1019 3282 1054 3319 re·

126 3363 175 3418 ges
192 3338 311 3400 llomaui
327 3338 460 3408 delevere,
483 3339 693 3416 Caeretumque,
714 3361 770 3398 non
785 3341 954 3420 Vejentium,
967 3344 1054 3401 fuerat.

160 3457 166 3484 ¹
188 3451 325 3504 Gronovius
340 3449 361 3498 is
370 3451 445 3514 justly
456 3449 587 3513 displeased
602 3460 628 3499 at
643 3452 683 3499 the
694 3453 818 3514 repetition
830 3455 860 3502 os
872 3473 923 3515 urs,
935 3455 1010 3503 which
1021 3468 1055 3502 oc-

127 3539 182 3570 curs
198 3522 235 3569 six
252 3520 323 3568 times
339 3519 364 3566 in
376 3517 422 3565 five
438 3529 567 3569 sentences.
605 3519 648 3568 He
664 3531 774 3586 suggests
794 3541 845 3574 eunt
860 3519 1054 3587 munitam-ipso

126 3589 329 3638 deinde-servus
343 3583 467 3637 Romanis.
831 3599 834 3611 ·
