2224 3862
13 1277 15 1324 l
68 1282 113 1318 Μ.

434 261 559 324 LIBER
579 263 631 322 1v.
936 267 996 326 263

76 421 147 514 naha
165 422 210 499 (ut
229 421 279 499 fit)
299 423 476 494 celebrantes,
495 423 599 482 nauelis
619 421 749 482 victoriae
762 443 863 482 vanum
880 424 990 484 titulum

73 515 317 640 'ppenmllXXW
336 581 489 658 Insequens
509 601 597 640 annm
610 581 734 642 tribunos
748 583 879 642 militares
893 603 991 642 consu-

71 649 120 753 ξὲᾶ·
152 660 200 717 lari
221 673 361 739 potestate
381 661 485 728 habuit,
507 663 545 718 A.
561 661 755 754 Sempronium
772 663 941 755 Atratinum,
955 663 990 721 1..

153 741 318 804 Quinctium
334 741 538 808 Cincinnatum,
561 739 594 798 L.
608 740 723 798 Furruru
738 741 935 810 Medullinum,
957 743 991 800 L.

70 815 200 876 Horatium
215 821 377 879 Barbatum.
418 821 582 898 Vejentibus
601 840 734 877 annorum
750 821 846 896 viginti
865 823 992 880 induciae

69 897 141 963 datae,
154 912 182 955 et
198 902 308 976 Aequis
322 900 441 966 triennii,
455 919 540 975 quum
561 899 680 976 plurium
700 920 833 958 annorum
850 905 992 977 petissent.
1079 923 1083 930 ’

69 973 98 1030 Et
109 976 140 1032 ab
152 979 335 1036 seditionibus
349 981 459 1036 urbanis
470 980 556 1036 otium
571 981 630 1036 fuit.
665 980 779 1036 Annum
794 981 992 1056 insequentem,

69 1073 141 1130 neque
153 1057 228 1114 bello
240 1059 317 1125 loris,
331 1079 421 1134 neque
436 1058 511 1116 domi
529 1059 664 1115 seditione
680 1060 824 1135 insignem,
845 1060 903 1116 ludi
919 1060 992 1117 bello

13 1193 15 1210 ,
68 1135 112 1190 roti
123 1136 269 1205 celebrem,
290 1151 319 1196 et
336 1139 509 1196 tribunorum
527 1137 644 1194 militum
661 1152 801 1215 apparatu,
822 1151 851 1196 et
864 1139 993 1196 finitimo-

13 1223 14 1232 ’
138 1211 213 1272 ‘rum
243 1237 389 1282 concursu,
417 1219 515 1276 iecere.
556 1216 672 1274 Tribuni
697 1219 832 1276 consulari
854 1232 992 1295 potestate

13 1371 14 1380 ἵ
67 1337 112 1385 331·
152 1309 231 1353 erant
247 1298 305 1373 Ap.
323 1297 457 1356 Claudius
476 1296 601 1364 Crassus,
624 1296 670 1372 Sp.
688 1297 806 1356 Nautius
821 1297 942 1364 Rutilus,
957 1297 992 1354 L.

153 1373 269 1451 Sergius
285 1377 411 1443 Fidenas,
428 1377 491 1434 Sex.
505 1376 597 1434 Julius
611 1375 698 1433 Iulus.
739 1376 933 1454 Spectaculum
947 1381 1006 1434 cn-'

67 1448 146 1509 nitate
158 1456 244 1512 etiarn
259 1455 409 1532 hospitum,
429 1457 464 1513 ad
483 1456 557 1531 quod
575 1455 686 1532 publico
704 1475 839 1514 consensu
854 1455 992 1525 venerant,

14 1537 15 1550 ¹
67 1529 162 1590 advenis
175 1535 284 1610 gratius
297 1537 350 1592 fuit
359 1535 377 1592 ¹.
419 1535 487 1592 Post
501 1537 581 1592 ludos
595 1535 741 1597 conciones
751 1537 897 1594 seditiosae
907 1538 994 1595 tribu-

14 1617 15 1666 }
67 1625 147 1667 nomm
171 1615 249 1690 plebi
272 1615 393 1682 fuerunt,
418 1615 621 1692 objurgantium
643 1615 857 1684 multitudinem,
882 1624 889 1651 ‘
910 1619 993 1692 quod,

68 1691 256 1752 ‘admiratione
280 1715 386 1762 eorum,
410 1713 480 1772 quos
502 1693 614 1761 odisset,
638 1707 759 1772 stupens,
782 1696 810 1752 in
831 1708 943 1754 aeterno
964 1715 996 1754 se
1098 1681 1099 1700 ³

67 1769 134 1844 ‘ipsa
144 1784 255 1831 teneret
269 1775 398 1832 servitio:
419 1787 448 1830 et
467 1793 522 1830 non
543 1769 678 1830 modoad
696 1794 773 1851 spem
790 1776 948 1834 consulatis
961 1777 995 1836 -in
1098 1785 1099 1788 ’

68 1851 177 1922 ‘partem
193 1855 377 1911 revocandam
392 1853 530 1930 adspirare
544 1873 598 1910 non
612 1853 734 1920 auderet,
755 1855 804 1911 sed
818 1875 853 1912 ne
867 1857 895 1911 in
909 1857 995 1912 tribu·

68 1929 118 1984 ‘nis
131 1933 243 2005 quidem
259 1934 377 1990 militum
392 1934 516 1990 creandis
534 1933 620 2009 (quae
634 1933 896 1991 communicassent
910 1935 994 1992 eomi-

68 2007 116 2065 ‘tia
128 2009 291 2070 Petrumac
305 2012 403 2089 plebis)
417 2025 466 2069 aut
479 2012 522 2068 sui
531 2025 584 2076 ,aut
598 2031 709 2067 suorum
724 2012 901 2070 meminisset.
936 2013 995 2070 De-

68 2087 176 2146 ‘sineret
189 2111 259 2166 ergo
272 2092 374 2159 mirari,
395 2111 445 2148 cur
464 2111 547 2148 nemo
561 2091 596 2148 de
609 2091 762 2148 commodis
783 2091 869 2166 plebis
885 2105 996 2167 ageret:
1022 2139 1027 2148 .

67 2169 72 2194 ‘
83 2167 111 2223 eb
119 2169 243 2246 impendi
253 2172 375 2228 laborem
385 2191 417 2228 ac
428 2171 590 2247 periculum,
602 2171 676 2226 unde
686 2170 902 2228 emolumentum
913 2184 996 2246 atqua

67 2243 161 2305 ‘honos
175 2263 313 2327 speretur.
354 2249 432 2308 Nihil
446 2269 501 2307 non
514 2269 690 2326 aggressuros
704 2249 838 2316 homines,
852 2251 875 2307 si
888 2271 996 2326 magna,

67 2328 180 2386 ‘conatis
204 2351 305 2406 magua
321 2331 442 2408 praemia
462 2341 658 2406 proponantur.
706 2329 747 2388 Ut
767 2330 878 2406 quidem
898 2331 996 2406 aliquia

67 2406 204 2467 ‘tribunus
224 2409 314 2484 plebis
334 2422 396 2467 ruat
413 2429 512 2467 caecus
531 2410 559 2466 in
579 2408 729 2466 certamina
745 2409 867 2485 periculo
881 2409 995 2486 ingenti,

68 2483 167 2546 ‘fructu
180 2489 277 2556 nullo;
298 2509 333 2546 ex
347 2490 446 2564 quibus
461 2508 510 2565 pro
524 2501 600 2547 certo
613 2486 720 2556 babeat,
743 2489 847 2558 Patres,
866 2491 996 2548 adversus

67 2567 146 2639 ‘quos
159 2570 297 2634 tenderet,
318 2571 390 2627 bello
403 2569 561 2644 inexpiabili
575 2589 604 2625 se
618 2579 825 2644 persecuturos;
845 2570 919 2645 apud
939 2569 996 2645 ple·

66 2644 148 2718 ‘bem,
169 2668 223 2726 pro
237 2649 292 2722 qud
306 2649 485 2716 dimicaverit,
504 2647 589 2705 nihilo
602 2667 632 2705 se
647 2646 847 2706 honoratiorem
862 2649 929 2713 lore,
948 2669 998 2706 ue-

66 2730 133 2802 ‘que
144 2729 322 2806 sperandum,
336 2749 426 2804 nequa
440 2729 633 2805 postulandum
647 2747 716 2784 esse.
757 2727 878 2803 Magnos
891 2729 997 2786 animos
1098 2763 1099 2784 ,

66 2810 184 2884 ‘magnis
198 2807 349 2865 bonoribus
363 2808 437 2865 fieris
465 2807 612 2866 Neminem
627 2826 656 2863 ee
669 2807 807 2883 plebeium
821 2821 996 2884 contemptu·
1098 2831 1099 2896 p

66 2891 72 2918 ⁶
84 2905 149 2956 rum,
163 2889 214 2946 uhi
228 2889 368 2946 contemni
382 2889 516 2946 desissent
525 2893 547 2944 ².
588 2885 790 2962 Experiundam
805 2907 863 2944 rem
877 2888 997 2963 denique

66 2965 109 3022 ‘iu
119 2987 176 3026 uno
189 2980 240 3026 aut
252 2968 338 3024 altero
352 2987 421 3036 esse,
439 2967 510 3025 sitne
524 2966 620 3042 aliquis
634 2965 757 3042 plebeius
770 2967 883 3024 ferendo
896 2987 999 3044 magno
1098 3023 1099 3028 ,

66 3043 213 3115 ‘bonori³;
228 3061 262 3105 an
277 3060 406 3123 portento
415 3047 504 3104 simile
515 3047 700 3120 miraculoque
710 3046 754 3113 sit,
768 3046 867 3104 fortem
881 3067 914 3106 ac
927 3062 996 3106 stre·

66 3131 166 3185 ‘nuum
186 3129 276 3184 virum
297 3128 416 3203 aliquam
436 3127 567 3185 exsistere
587 3139 678 3184 ortum
697 3127 838 3202 explebe.
882 3127 999 3185 Summi
1098 3141 1099 3172 l

95 3275 101 3304 ¹
119 3275 178 3323 This
189 3291 297 3339 passage,
309 3274 393 3328 which,
407 3291 432 3322 as
443 3276 462 3322 it
473 3273 561 3329 stands,
580 3275 601 3322 is
618 3283 662 3322 not
672 3273 782 3333 difficult,
800 3275 842 3321 has
854 3275 946 3337 greatly
957 3291 997 3324 oc·-

66 3343 145 3403 eupied
155 3345 196 3392 the
207 3343 325 3392 attention
337 3345 366 3392 of
373 3345 413 3391 the
424 3343 511 3392 eritius.
538 3343 590 3391 The
602 3345 653 3390 best
664 3342 816 3390 emendation
827 3342 847 3388 is
858 3343 910 3389 that
920 3344 998 3390 which

67 3425 171 3472 proposes
180 3419 213 3461 nd
225 3416 250 3460 id
261 3417 330 3476 quod
406 3407 626 3467 'Neminrmdrn
665 3411 728 3458 Thtst
745 3409 897 3468 uoplebeian
914 3411 998 3458 would

66 3479 107 3526 feel
118 3481 157 3528 the
168 3495 233 3528 mme
244 3479 293 3526 aelf
302 3488 426 3540 contempt
436 3479 513 3526 which
522 3479 552 3524 he
560 3479 618 3524 then
626 3477 678 3534 felt,
687 3478 757 3526 when
765 3478 805 3524 the
814 3474 876 3534 body
885 3483 912 3522 to
919 3476 997 3524 which

66 3547 93 3594 he
103 3547 220 3611 belonged
233 3546 320 3595 should
332 3549 392 3595 have
400 3545 484 3594 ceased
492 3545 685 3605 tobedespised.
754 3540 933 3604 ¹Supp1ypnr.
973 3546 996 3592 A

65 3629 171 3664 common
183 3618 247 3664 form
258 3615 287 3664 of
298 3615 419 3663 omission.
458 3615 502 3663 Sea
513 3627 537 3674 p.
548 3611 589 3671 80,
602 3621 658 3660 note
669 3611 693 3659 4·

1018 3729 1099 3846 Δ
