2224 3862
96 189 155 248 298
488 187 521 248 Τ.
542 187 642 248 L1v11

95 347 234 405 ‘militum
249 355 411 416 vestrorum,
432 345 501 406 haac
521 347 649 406 Romano
664 345 776 404 nomine
789 358 854 406 sunt
867 347 962 426 digna,
980 367 1040 406 non

95 434 103 461 ‘
118 426 202 504 Vejos
216 427 331 495 tantiam,
352 447 405 484 nec
417 424 469 484 lroc
482 426 709 492 bellumintueri,
722 427 797 501 quod
810 427 913 494 instat3
932 429 984 486 sed
996 429 1039 486 la·

95 513 103 541 ⁸
117 525 191 563 mam
204 518 232 563 et
245 507 280 564 ad
293 507 345 564 alia
358 507 428 564 bella
437 509 509 564 etad
518 520 623 564 ceteros
633 506 749 582 populos
759 506 788 562 in
797 519 939 582 posterum
951 526 1041 582 quae·

95 592 185 642 ‘rere
226 585 273 642 An
292 586 430 644 mediocre
450 587 596 644 discrimen
610 585 746 660 opinionis
759 599 918 644 secuturum
933 606 971 644 ex
985 585 1042 644 hiso

95 672 104 698 ‘
117 683 147 722 re
160 664 285 740 putatis?
307 665 399 721 uti-hm
413 665 524 722 tandem
539 665 648 722 finitimi
656 664 788 740 populum
801 665 960 722 Romanum
971 685 1042 724 eum

96 751 104 778 ⁸
117 761 177 800 esse
190 737 303 820 putent,
312 744 391 822 cujus
404 745 428 800 si
441 764 496 820 qua
508 746 572 801 urbs
586 743 705 820 primum
716 743 793 800 illum
804 745 957 804 brevissimi
966 759 1043 806 tem·

96 823 191 898 ‘poris
211 823 371 880 sustinuerit
390 825 534 899 impetum,
555 823 622 879 nihil
643 823 742 880 deinde
756 823 875 884 timeat?
893 845 928 884 an
941 825 989 884 hic
1003 829 1042 884 sit

95 909 104 936 ‘
117 913 206 958 terror
218 903 336 960 nominis
349 902 444 969 nostri,
458 914 490 959 ut
503 903 654 960 exercitum
671 902 827 961 Romanum
842 925 897 962 non
911 905 1041 962 taedium

95 980 281 1056 ‘longinquae
301 982 521 1058 oppugnationis,
541 1001 596 1038 non
610 982 651 1038 vis
668 981 767 1040 hiemis
787 986 821 1041 ab
837 985 904 1039 urhe
917 983 1041 1040 circum·

95 1061 192 1117 ‘sessis
211 1061 295 1118 semel
316 1081 445 1118 amovere
464 1061 560 1138 possit,
580 1081 633 1118 nec
652 1061 736 1118 finem
757 1062 842 1118 ullum
860 1061 946 1118 alium
961 1063 1040 1129 belli,
1099 1119 1100 1134 ,

96 1147 200 1214 ‘quam
219 1140 372 1207 viotodam,
392 1141 521 1206 noverit3
547 1159 599 1198 nec
618 1141 725 1216 impetu
745 1141 932 1215 potibshella,
952 1140 1041 1216 quem
1099 1165 1100 1170 ¹

96 1225 105 1253 ‘
118 1219 327 1294 perseverantii,
339 1221 438 1295 gerat?
458 1239 529 1294 qnae
542 1221 572 1276 in
585 1220 660 1276 omni
673 1220 784 1294 quidem
798 1239 898 1294 genere
912 1220 1040 1288 militiae,
1099 1263 1100 1266 ,

96 1297 238 1355 ‘maxime
258 1311 350 1356 umen
370 1300 399 1356 in
418 1299 577 1356 obsidendis
590 1299 711 1366 urbibus,
725 1298 877 1356 necessaria
890 1311 949 1366 est;
970 1319 1041 1374 qua-
1099 1361 1100 1366 χ

97 1385 179 1432 ‘rum
194 1377 345 1452 plerasque,
361 1378 558 1435 munitionibus
566 1397 599 1435 ac
608 1378 724 1434 naturali
734 1377 789 1434 situ
799 1378 1037 1454 inexpugnabiles,
1099 1385 1100 1448 ἱ

97 1455 190 1512 ‘lame
209 1456 310 1532 sitique
327 1471 436 1533 tempus
456 1459 546 1534 ipsum
567 1457 652 1514 vincit
671 1468 754 1532 atque
781 1469 938 1532 expugnat:
966 1458 1040 1516 sicut
1099 1451 1100 1524 i

97 1533 205 1610 ‘Vejos
225 1537 410 1611 expugnabit;
430 1537 482 1592 nisi
501 1537 604 1593 auxilio
624 1534 747 1592 hostibus
761 1537 863 1593 tribuni
876 1537 965 1613 plebis
978 1539 1039 1595 fue·

97 1611 182 1679 ‘rint
202 1625 231 1670 et
246 1615 352 1671 Romae
371 1615 525 1672 invenerint
538 1615 673 1691 praesidia
686 1613 826 1692 Vejentes,
840 1634 911 1690 quae
924 1617 1039 1692 nequic-

96 1698 105 1728 ‘
119 1709 201 1765 qnam
215 1692 244 1748 in
258 1693 370 1750 Etrurii
379 1707 523 1769 quaerunt.
564 1695 612 1750 An
626 1706 669 1751 est
682 1696 837 1770 quicquam,
848 1695 924 1770 quod
935 1695 1040 1771 Vejen·

96 1777 105 1806 ‘
118 1769 191 1827 tibus
206 1784 329 1847 optatum
344 1776 431 1848 aeque
441 1773 599 1848 contingere
612 1773 708 1850 possit,
722 1773 804 1848 quiam
814 1785 846 1830 nt
856 1775 1038 1832 seditionibus

97 1850 236 1924 ‘primitur
256 1853 321 1908 urbs
342 1853 476 1919 Romana,
497 1853 597 1909 deinde
618 1851 694 1910 velut
712 1873 747 1910 ex
767 1853 930 1928 contagione
951 1867 1040 1912 castra

96 1929 308 2005 ‘impleanturi
330 1932 380 1999 At,
402 1931 521 2000 hercule,
543 1931 616 2008 apud
637 1930 729 1988 hostes
747 1944 822 1990 tanta
836 1933 975 1992 modestia
988 1947 1038 2001 est,

97 2017 105 2045 ¹
119 2019 151 2065 ut
164 2027 219 2066 non
232 2011 381 2068 obsidionis
394 2013 493 2078 taedio,
508 2031 563 2068 non
577 2010 696 2086 denique
709 2011 794 2087 regni,
804 2011 953 2086 quicquam
966 2015 1038 2089 apud

97 2095 105 2122 ‘
119 2106 167 2144 eos
177 2101 307 2147 novatum
322 2091 374 2158 sit;
393 2111 448 2148 uon
462 2105 562 2166 negata
573 2091 675 2148 auxilia
688 2092 722 2147 ab
737 2091 861 2148 Etruscis
871 2091 1038 2150 irritaverint

97 2175 104 2202 ‘
118 2167 232 2224 animos.
273 2168 411 2226 Morietur
425 2171 496 2227 enim
512 2171 659 2246 extemplo,
668 2171 824 2245 quicunque
833 2169 886 2227 erit
895 2171 1037 2228 seditionis

99 2255 106 2281 ‘
120 2260 224 2304 auctor.
265 2247 327 2305 Nec
344 2250 471 2323 cuiquam
487 2251 577 2309 dicere
591 2269 623 2307 ea
635 2249 738 2314 licebit,
753 2269 822 2324 qnae
835 2253 910 2326 apud
924 2271 976 2308 vos
989 2252 1037 2308 iro·

98 2333 105 2359 ‘
121 2343 195 2400 pune
203 2327 340 2383 dicuntur.
361 2327 537 2385 Fustuarium
547 2329 554 2362 ¹
564 2341 691 2408 meretur,
702 2328 749 2402 qui
756 2330 834 2404 signa
841 2331 983 2405 relinquit,
992 2343 1037 2388 ant

76 2471 82 2476 .
99 2411 107 2437 ‘
121 2404 257 2478 praesidio
271 2406 389 2463 decedit.
430 2409 568 2465 Auctores
579 2408 656 2482 signa
669 2407 840 2482 relinquendi
850 2422 879 2464 er
892 2411 1037 2467 deserendi
1099 2449 1100 2454 κ

99 2491 107 2516 ⁴
121 2495 218 2551 castra,
229 2503 283 2542 non
295 2485 343 2542 uni
353 2498 401 2542 aut
412 2487 489 2543 alteri
499 2487 587 2550 militi,
597 2487 646 2542 sed
658 2487 789 2544 universis
798 2488 978 2554 exercitibus,
992 2509 1036 2564 pa·

99 2569 107 2595 ‘
121 2559 175 2618 liam
186 2561 214 2618 in
226 2565 356 2621 concione
365 2565 521 2621 audiuntur.
544 2566 626 2622 Adeo
634 2567 765 2640 quicquid
774 2567 899 2624 tribunus
913 2569 991 2644 plebi
1001 2569 1036 2624 lo·

99 2640 222 2714 ‘quirun
243 2644 295 2699 etsi
315 2645 471 2719 prodendae
491 2645 594 2718 patriae
615 2645 857 2720 dissolvendaeque
870 2647 1036 2722 reipublicae

99 2727 171 2787 ‘est
192 2723 322 2780 assubstis
343 2725 423 2798 aequi
439 2723 553 2788 ·audire;
577 2736 613 2790 et,
635 2725 780 2781 dulcedine
805 2727 952 2800 potestatis
980 2725 1035 2804 ejus

98 2805 106 2832 ‘
120 2800 202 2874 capti,
217 2802 354 2875 quaelibet
367 2805 418 2859 sub
431 2804 465 2860 eti
478 2803 580 2860 scelera
593 2805 677 2860 latere
685 2805 782 2860 sinitis.
824 2804 976 2879 Reliquum
987 2819 1034 2872 est,

98 2885 105 2910 ‘
120 2891 159 2944 ut,
180 2897 250 2953 qnae
271 2881 315 2938 hlc
329 2882 518 2948 vociferantur,
539 2883 634 2940 eadem
655 2883 684 2938 in
698 2883 793 2940 castris
806 2896 835 2940 et
847 2886 924 2960 apud
939 2885 1034 2942 milites

98 2963 105 2990 ‘
119 2972 209 3032 agant,
230 2972 259 3016 et
279 2962 415 3018 exercitus
429 2975 612 3036 conumpant,
627 2963 798 3036 ducibusque
811 2981 907 3037 parere
921 2983 977 3020 non
989 2983 1032 3040 pa·

98 3043 105 3069 ‘
120 3037 238 3096 tiantnr:
259 3040 387 3114 quoniam
402 3059 435 3097 ea
447 3043 559 3098 demum
574 3041 681 3098 Romae
695 3041 806 3098 libertas
819 3054 870 3109 est,
889 3062 947 3100 non
960 3062 1032 3102 sena·

130 3195 137 3224 ¹
156 3201 164 3224 ‘
176 3197 255 3244 When
272 3213 287 3242 a
303 3195 390 3244 soldier
401 3214 449 3246 was
466 3206 491 3244 to
508 3199 582 3245 suffer
592 3199 639 3245 this
650 3199 813 3260 punishment,
826 3201 866 3246 the
877 3200 976 3248 tribune
985 3200 1031 3248 first

97 3263 198 3310 ‘struck
210 3265 260 3312 him
272 3263 355 3326 gently
366 3265 422 3312 with
435 3281 449 3312 a
460 3265 522 3320 staff,
534 3281 566 3313 on
578 3265 654 3312 which
667 3267 752 3329 signal,
765 3267 797 3313 all
808 3267 847 3314 the
854 3267 955 3315 soldiers
961 3269 990 3315 of
997 3269 1031 3314 the

96 3335 103 3359 ‘
115 3329 196 3393 legion
205 3331 248 3378 fell
259 3347 325 3392 upon
337 3333 387 3378 him
399 3333 454 3378 with
467 3332 540 3380 sticks
552 3333 599 3380 and
609 3343 696 3390 stones,
709 3333 757 3380 and
767 3334 890 3396 generally
899 3335 975 3382 killed
986 3335 1029 3382 him

94 3401 102 3423 ⁴
114 3411 146 3443 on
162 3399 203 3445 the
221 3409 281 3459 spot.
321 3399 347 3445 lf
356 3401 385 3446 he
396 3399 466 3446 made
477 3400 513 3446 his
524 3417 614 3461 escape,
627 3401 665 3448 for
675 3403 705 3448 he
719 3401 798 3464 might
808 3399 849 3463 lly,
860 3403 891 3449 he
903 3403 975 3450 could
987 3412 1025 3450 not

95 3467 103 3490 ‘
114 3465 223 3513 however
239 3475 321 3512 renisu
338 3475 364 3513 to
381 3466 418 3512 his
433 3467 512 3514 native
523 3478 632 3530 counuy,
645 3471 747 3516 because
757 3484 790 3516 no
800 3485 855 3525 one,
867 3480 911 3518 not
922 3486 981 3519 even
992 3469 1024 3516 his

91 3534 100 3560 ⁴
112 3529 232 3592 relations,
244 3533 312 3582 durst
323 3533 398 3581 admit
408 3533 458 3581 him
470 3535 522 3582 into
533 3535 593 3582 their
604 3536 708 3584 houses.’
745 3537 784 3585 Dr
797 3537 887 3586 Auru.
