2230 3846
425 203 549 266 nmen
570 205 624 265 1n.
943 183 1020 265 ιιι

67 375 160 419 summa
185 361 261 418 urbis
281 362 411 438 impetus,
430 364 582 439 caedesque
595 364 660 421 inde
673 365 778 422 fierent.
818 363 896 423 Inter
908 376 1001 424 cetera

67 443 200 508 monitum,
213 449 222 475 ⁴
238 456 270 498 ut
283 444 464 500 seditionibus
476 443 675 500 abstineretur!
714 451 722 478 ‘
736 444 770 500 Id
783 444 886 502 factum
900 446 935 502 ed
948 446 1000 503 iru-

67 522 242 596 ‘pediendam
263 521 372 596 legem,'
393 523 495 580 tribuni
508 523 728 590 criminabantur,
742 524 893 600 ingensque
906 525 1001 582 aderat
1087 593 1089 598 Ι

65 613 202 658 certamen.
246 601 321 659 Ecce
336 611 378 678 (ut
392 603 464 660 idem
479 603 507 659 in
518 603 639 678 singulos
652 621 738 659 annos
746 602 819 659 orbis
827 603 999 679 volveretur)

65 679 171 738 Hernici
185 681 329 746 nunciant,
345 690 352 716 ‘
367 681 482 740 Volscos
496 695 524 738 et
539 683 662 757 Aequos,
677 681 729 738 etsi
743 681 847 738 accisae
860 703 904 740 res
917 683 972 740 sint
981 683 1000 748 ¹,

67 760 356 825 ‘reficereexercitue;
374 762 453 818 Antii
462 779 596 817 summam
608 761 648 818 rei
658 761 792 838 positam
813 760 930 820 Ecetrae
940 763 1001 819 An·

67 839 159 896 ‘tiates
181 840 296 896 colonos
316 839 406 916 palam
426 840 541 898 concilia
559 841 658 898 iacere.
698 839 732 896 Id
753 855 845 916 caput,
866 861 913 898 eas
929 844 1001 898 vires

15 989 16 996 ἵ
67 919 142 974 ‘belli
156 918 239 976 esse!
281 917 320 978 Ut
333 919 401 977 haec
415 921 489 978 dicta
501 919 530 976 in
543 933 640 976 senatu
650 932 723 986 sunt,
735 920 858 976 delectus
866 921 1000 978 edicitur:

15 1039 16 1058 ι
66 997 185 1054 consules
198 998 265 1054 belli
278 999 540 1056 administrationem
555 999 627 1056 inter
639 1019 669 1055 se
683 999 819 1075 dispartiri
828 998 908 1074 jussi,
923 1000 1003 1056 alteri

15 1073 16 1078 ’
66 1089 93 1133 nt
105 1077 209 1144 Volsci,
224 1078 305 1134 alteri
318 1091 350 1134 ut
364 1079 457 1154 Aequi
470 1079 610 1155 provincia
624 1090 706 1134 esset.
747 1077 863 1134 Tribuni
871 1077 962 1136 curiam
974 1080 1003 1136 iu

66 1157 116 1212 soro
129 1176 290 1232 personare,
305 1164 312 1192 ‘
327 1157 457 1215 Fabulam
472 1158 652 1234 compositam
665 1156 761 1214 Volsci
773 1156 847 1223 belli,
862 1157 1002 1214 Hernicos

67 1237 114 1292 ‘ad
126 1251 222 1312 partes
237 1249 354 1312 paratos.
394 1238 458 1296 Janr
472 1257 507 1294 ne
517 1239 618 1294 virtute
628 1235 739 1311 quidem
750 1237 838 1312 premi
848 1237 1003 1294 libertatern

67 1315 177 1390 ‘populi
192 1315 323 1384 llomani,
344 1318 392 1375 sed
407 1331 464 1374 arte
478 1316 562 1373 eludi.
603 1315 685 1382 Quia,
700 1315 843 1373 occidione
856 1336 942 1393 prope
957 1336 1002 1374 oc·

68 1395 161 1462 ‘cisoa
178 1395 298 1452 Volscos
314 1409 343 1454 et
365 1400 481 1472 Aequos
501 1415 611 1453 movere
631 1395 682 1452 sub
702 1409 800 1472 sponte
819 1415 895 1453 arma
914 1415 1005 1472 posse,

15 1475 16 1492 ¹
67 1472 135 1548 ‘jam
156 1474 229 1532 fides
248 1475 356 1543 abierit,
376 1495 462 1532 novos
487 1474 581 1532 hostes
601 1475 702 1550 quaeri.
745 1475 887 1532 Coloniam
909 1476 1002 1543 fidam,

67 1553 275 1628 ‘propinquam
289 1555 417 1612 infamem
432 1555 500 1612 lieri.
543 1554 649 1612 Bellum
661 1554 780 1610 innoxiis
790 1555 951 1612 Antiatibus
961 1555 1004 1611 in·

66 1633 145 1700 ‘dici
159 1633 221 1708 geri
235 1653 298 1691 cnm
314 1635 393 1711 plebe
408 1635 544 1692 Romania.
584 1633 685 1700 Quam,
707 1647 846 1691 oneratam
860 1634 952 1702 armis,
967 1654 1004 1692 ex

67 1714 149 1768 ‘urbe
170 1713 317 1789 praecipiti
336 1715 445 1790 agmine
465 1714 554 1772 acturi
568 1726 668 1779 essent,
684 1713 781 1770 exsilio
794 1727 823 1770 et
835 1713 1004 1788 relegatione

66 1792 182 1850 ‘civium
196 1792 365 1850 ulciscentes
379 1795 511 1850 tribunos.
553 1792 607 1857 Sic,
628 1793 743 1868 nequid
757 1792 831 1849 aliud
847 1805 938 1850 actum
953 1812 1005 1869 pu·

66 1877 73 1902 ‘
86 1883 149 1938 tent,
164 1873 269 1929 victam
289 1873 377 1948 legem
399 1893 475 1930 esse:
494 1872 556 1938 nisi,
577 1874 643 1928 dum
658 1872 686 1927 in
700 1871 808 1946 integro
822 1873 922 1937 cessit,
937 1872 1005 1928 dum

66 1950 166 2016 ‘domi
188 1953 257 2008 dum
272 1951 378 2027 togati²
397 1954 460 2020 sint,
478 1965 601 2017 caveant,
622 1971 656 2006 ne
672 1951 844 2026 possessione
858 1950 932 2006 urbis
946 1950 1004 2025 pel·

66 2037 72 2062 ‘
86 2029 181 2098 lentur,
193 2051 230 2088 ne
239 2031 339 2108 jugum
351 2032 494 2109 accipiant.
536 2031 566 2088 Si
580 2030 741 2093 animussit‚
756 2049 809 2085 uun
825 2030 918 2085 delore
928 2027 1008 2085 auxi·

67 2109 158 2166 ‘lium
201 2111 367 2168 Consentire
387 2129 483 2168 omnes
503 2110 636 2166 tribunos.
678 2107 794 2164 Nullum
811 2120 942 2166 terrorem
956 2127 1004 2164 ex·

67 2195 201 2256 ‘terrram
218 2189 326 2246 nullum
336 2191 489 2265 periculum
498 2209 567 2246 esse.
609 2187 721 2246 Carissa
733 2187 811 2258 Deos
819 2188 910 2263 priore
924 2207 1004 2256 anno,

66 2275 114 2324 ‘ut
126 2265 189 2325 tuti>
204 2268 317 2326 libertas
331 2270 441 2326 defendi
455 2267 564 2345 posset!
606 2267 687 2324 Haec
700 2267 812 2324 tribuni.

99 2347 151 2404 XI.
172 2349 218 2404 At
231 2368 267 2405 ex
280 2363 358 2423 perte
371 2349 456 2406 alterii
470 2348 595 2405 consules
609 2347 638 2402 iu
658 2361 809 2423 conspectu
829 2367 935 2415 eorum,
955 2367 1005 2424 po-

64 2427 119 2482 sitis
138 2427 223 2494 sellis,
245 2429 383 2484 delectum
406 2429 551 2485 habebant.
591 2423 635 2482 Εὸ
649 2427 798 2483 decurrunt
812 2428 924 2493 tribuni,
938 2447 1004 2484 con·

64 2508 225 2582 cionemque
234 2527 328 2564 secum
338 2506 459 2564 trahunt.
493 2505 579 2564 Citati
587 2506 677 2581 pauci,
687 2507 762 2563 velut
772 2506 811 2562 rei
820 2506 1006 2582 experiundae

64 2587 158 2644 musi:
180 2600 212 2643 et
231 2587 324 2644 statim
339 2588 379 2642 vis
399 2593 501 2644 cobrto.
542 2585 744 2661 Quemcunque
758 2585 838 2642 lictor
847 2585 927 2661 jussu
941 2604 1006 2642 con-

63 2667 124 2722 sulis
136 2664 340 2741 prehendisset,
355 2666 481 2722 tribunus
495 2665 568 2721 mitti
576 2665 700 2741 jubebat.
741 2663 841 2740 Neque
855 2683 935 2720 suum
947 2665 1006 2722 cui-

63 2766 112 2821 que
120 2745 169 2820 jus
183 2745 299 2801 modurn
313 2745 438 2811 faciebat,
453 2746 502 2801 sed
517 2743 614 2799 virium
630 2763 678 2818 epe
692 2755 721 2800 et
731 2763 814 2800 manu
825 2743 1006 2802 obtinendum

63 2839 125 2892 erat
139 2825 217 2899 quod
228 2823 385 2881 intenderes
393 2823 414 2880 ⁸.
455 2823 697 2887 Quemadmodum
708 2843 737 2880 re
746 2823 849 2880 tribuni
858 2824 1007 2898 gessissent

61 2907 86 2960 in
106 2902 281 2981 probibendo
302 2905 422 2969 delectu,
442 2903 482 2961 sic
503 2903 599 2960 Patres
618 2903 646 2957 in
667 2902 736 2978 lege,
758 2921 828 2977 quae
848 2921 898 2978 per
910 2923 1007 2960 omnes

61 2983 212 3042 comitiales
240 2983 300 3040 dies
326 2984 472 3052 serebatur,
499 2981 676 3057 impedienda
702 2983 841 3057 gerebant.
891 2981 1007 3040 Initium

93 3095 99 3122 ¹
118 3093 244 3147 Accidere,
260 3098 286 3136 to
302 3099 345 3138 cut
362 3089 433 3146 close,
452 3087 547 3150 applied
559 3087 687 3153 originally
699 3096 724 3134 ιο
736 3087 831 3150 cutting
841 3089 881 3134 tbe
892 3088 970 3152 wings
982 3090 1011 3136 of

60 3161 155 3218 abird;
173 3157 379 3220 metaphorically,
397 3161 597 3208 cameracenae
613 3160 668 3212 rint,
687 3155 802 3218 although
821 3155 882 3202 their
898 3158 1007 3220 strength

60 3247 107 3277 was
117 3229 208 3276 almost
218 3225 320 3288 entirely
331 3225 446 3273 disabled.
545 3220 555 3248 ¹
575 3227 665 3287 Toguti,
678 3223 784 3286 wearing
795 3224 836 3270 tbe
847 3233 969 3286 gennente
981 3223 1010 3270 of

60 3298 112 3344 civil
125 3296 177 3342 life.
219 3297 290 3356 Toga,
302 3292 407 3356 opposed
419 3303 445 3341 ιο
456 3309 546 3355 sogum,
562 3294 603 3338 the
614 3291 718 3352 military
730 3291 806 3348 eloah,
817 3307 844 3336 or
855 3309 930 3342 arma,
944 3305 970 3335 as
981 3289 1007 3334 in

61 3368 98 3412 tbe
110 3361 280 3418 well-known,
291 3366 376 3411 cedant
387 3379 457 3410 croso
468 3373 541 3422 togae·
633 3358 643 3386 ⁸
662 3363 728 3414 Quod
737 3362 876 3414 intenderes,
889 3357 1007 3401 whatever

60 3433 139 3494 might
155 3433 187 3478 be
203 3444 265 3493 your
280 3429 336 3476 aim.
374 3429 426 3478 ‘Ibe
439 3428 512 3476 Latin
527 3425 601 3472 idiorn
613 3425 769 3486 corresponds
780 3424 836 3468 with
849 3423 889 3468 the
901 3419 1005 3480 English

59 3501 81 3546 io
93 3499 170 3561 using
182 3499 223 3544 the
234 3496 323 3544 second
333 3512 428 3557 person,
440 3505 466 3542 ιο
476 3493 581 3542 indicate
593 3493 644 3538 thot
659 3493 699 3539 the
711 3489 855 3540 nominative
866 3487 887 3533 is
897 3485 1005 3548 general,

57 3567 104 3616 und
115 3563 253 3628 applicable
264 3573 289 3612 ιο
300 3579 330 3613 an
342 3563 467 3613 indefinite
478 3561 538 3610 class
549 3559 578 3608 oi
585 3560 682 3622 objecta.

514 3645 533 3686 0
