2262 3858
124 231 181 287 336
519 229 553 288 T.
575 230 674 290 LlVll

124 387 234 445 Flamen
246 389 352 446 interim
364 389 512 453 Quirinalis
524 390 695 466 virginesque
705 389 840 457 Vestales,
853 390 962 447 omissis¹
971 409 1063 448 rernm
1117 401 1118 404 ’

125 487 234 524 snamm
249 470 322 535 curia,
338 476 345 502 ‘
359 489 428 543 quae
442 487 579 526 sacrorum
594 489 687 526 seeum
701 469 820 536 serenda,
834 469 913 544 quae’
926 469 1011 546 (quia
1024 472 1063 526 vi-

125 566 168 603 res
181 549 216 604 ad
230 549 320 604 omnia
333 547 444 604 ferenda
457 547 585 623 deerant)
601 556 608 582 ‘
622 549 800 624 relinquenda
819 548 930 616 essent‚'
953 551 1064 606 consul-

115 638 222 692 tantes,
238 637 245 662 ⁸
259 627 354 702 quisve
374 647 406 684 ea
425 627 501 683 loeus
521 628 595 684 fideli
614 642 799 685 asservatnrus
819 629 947 685 custodiit
961 642 1038 686 esset
1049 629 1063 695 ;’

126 707 259 780 optimum
273 707 386 770 (ineunt,
405 707 515 762 condita
527 706 556 761 in
571 707 678 762 doliolis
691 708 790 764 sacello
803 708 931 782 proximo
944 709 1063 766 aedibus

125 783 241 841 flaminis
251 785 406 851 Quirinalis,
421 785 467 841 ubi
478 805 550 842 nunc
564 785 661 860 despui
674 786 767 860 religio
781 798 832 852 est,
845 787 997 844 defodere:
1017 807 1063 844 ce·

126 874 191 930 tera,
212 866 283 922 inter
300 885 329 921 ae
344 883 425 920 onere
442 864 550 940 partito,
571 865 662 920 ferunt
677 864 720 920 viis
733 883 802 938 quae
821 864 939 922 sublicio
954 867 1061 941 ponte¹

125 942 202 1000 ducit
214 945 249 1000 ad
263 943 428 1001 Janiculum.
469 942 502 998 In
516 963 550 999 eo
563 943 633 1000 clivo
646 961 692 1000 eas
712 963 796 1016 quum
810 942 845 998 L.
860 944 1005 1010 Albinius,
1028 949 1065 1006 de'

126 1023 204 1095 plebe
220 1023 345 1080 Romania
358 1021 450 1086 homo,
472 1023 674 1098 conspexisset,¹
687 1023 808 1098 plaustro
821 1022 971 1100 conjugem
984 1045 1018 1082 ac
1032 1028 1066 1082 li·'
1117 1089 1118 1092 Ἴ

58 1111 63 1126 ’
124 1103 203 1159 beros
217 1101 317 1160 vehens
337 1103 407 1158 inter
426 1115 544 1158 ceteram
565 1103 682 1169 turbam,
702 1119 772 1177 qnae
786 1101 889 1158 inutilis
903 1102 981 1159 bello
994 1107 1061 1163 urbe
1117 1107 1118 1116 ’

124 1183 291 1248 excedebat3
311 1183 384 1238 salvo
398 1181 480 1238 etiam
497 1193 557 1237 turn
577 1181 732 1238 discrimine
752 1181 904 1237 divinarum
927 1181 1060 1242 bumana·
1117 1233 1118 1238 ,

123 1279 238 1336 rumque
257 1281 357 1325 rerum,
378 1261 558 1334 irreligiosum
578 1273 661 1326 ratus,
683 1260 860 1316 ‘sacerdotes
875 1262 1006 1336 publicos
1020 1283 1060 1320 sa·
1117 1273 1118 1300 r

122 1346 130 1373 ‘
144 1359 242 1415 eraque
255 1341 349 1416 populi
360 1339 477 1395 Romani
491 1340 606 1415 pedibus
621 1339 668 1404 ire,
683 1339 839 1413 ferrique²;
859 1359 888 1396 se
903 1360 937 1397 ac
951 1361 1019 1398 suos
1033 1344 1059 1398 iu
1117 1337 1118 1388 l

123 1426 130 1452 ‘
144 1420 270 1477 vehiculo
278 1419 398 1494 conspici
409 1418 423 1483 ;'
444 1419 609 1475 descendere
624 1437 735 1474 uxorem
747 1437 779 1474 ac
792 1438 891 1494 pueros
900 1419 996 1496 jussit,
1010 1423 1063 1477 rir·¹

121 1499 197 1572 gines
210 1519 339 1573 sacraque
354 1499 381 1554 in
396 1499 545 1572 plaustrum
561 1497 709 1573 imposuit:
730 1510 759 1554 et
774 1497 870 1565 Caere,
882 1500 939 1573 qub
951 1500 1006 1556 iter
1018 1513 1065 1558 sa·'
1117 1503 1118 1570 l

121 1579 276 1634 cerdotibus
289 1589 355 1642 emt,
370 1577 502 1651 pervexit.
1117 1595 1118 1642 3

161 1656 239 1712 XLI.
262 1657 368 1712 Romae
383 1655 501 1720 interim,
516 1655 581 1711 satis
596 1655 655 1731 jam
670 1655 805 1722 omnibus,
820 1668 851 1712 ut
864 1655 892 1711 in
907 1656 957 1712 tali
972 1660 1058 1725 re,·ad
1117 1683 1118 1702 π

120 1736 250 1791 tuendam
270 1755 359 1792 arcem
374 1735 540 1809 compositis,
562 1737 641 1792 turba
654 1735 800 1799 seniorum,
815 1735 912 1791 domos
926 1755 1057 1810 regressa,

119 1815 266 1871 adrentum
286 1813 405 1870 hostium
427 1813 563 1870 obstinato
582 1815 617 1870 ad
634 1825 750 1870 mortem
764 1813 856 1870 animo
870 1817 1057 1890 exspectabat.

121 1893 178 1956 Qui
192 1914 285 1951 eornm
297 1894 405 1951 curules
418 1905 558 1967 gesserant
572 1893 754 1967 magistratus,
764 1906 796 1950 ut
808 1892 835 1948 in
847 1893 979 1952 ,fortunae
992 1896 1057 1971 pris·
1117 1913 1118 1936 ἐ

119 1973 192 2030 tinae
213 1973 400 2048 honorumque
420 1987 468 2030 aut
488 1973 595 2029 virtutis
614 1972 764 2047 insignibus
785 1986 966 2040 morerentur,
990 1995 1057 2050 quae

119 2053 312 2128 augustissima
325 2054 463 2109 vestisest
477 2050 588 2108 tensas³
603 2052 766 2108 ducentibus
780 2051 1055 2128 triumphantibusre,

82 2173 85 2182 .
119 2134 152 2188 eh
166 2133 256 2189 vestiti
275 2133 366 2188 medio
386 2131 494 2188 aedium
515 2131 641 2188 eburneis
664 2131 738 2188 sellie
762 2132 865 2188 sedere.
908 2131 1055 2208 Santoni,
1117 2161 1118 2186 r

119 2219 126 2242 ‘
142 2212 185 2268 M.
208 2212 291 2268 Fabio
304 2211 433 2286 pontifice
447 2211 566 2266 maximo
580 2209 718 2286 praefante
731 2229 840 2267 carmen
851 2209 873 2275 ⁴,
888 2211 1055 2270 devovisse⁵
1117 2225 1118 2254 ³

89 2323 92 2334 =
120 2297 127 2324 ‘
143 2311 190 2348 eos
210 2311 239 2347 se
259 2309 309 2364 pro
323 2290 410 2365 patriis
423 2289 631 2365 Quiritibusque
647 2288 796 2356 Romanis,’
810 2290 929 2346 tradant.
972 2290 1054 2356 Galli,

118 2371 229 2444 etquis
250 2369 410 2442 interposita
432 2382 513 2426 noete
535 2389 551 2425 a
571 2369 745 2426 contentione
767 2386 876 2443 pugnae
894 2369 1055 2427 remiserant
1117 2411 1118 2444 3

118 2449 231 2512 animos,
260 2459 288 2503 et
311 2443 385 2521 qubd
408 2465 460 2503 nec
483 2449 511 2503 in
534 2448 592 2504 acie
613 2447 725 2524 ancipiti
745 2465 861 2522 usquam
884 2461 1055 2508 certaverant
1117 2447 1118 2450 ’

119 2529 229 2604 proelio,
250 2545 302 2583 nee
322 2538 380 2582 tum
400 2525 505 2600 impetu
525 2539 572 2582 aut
588 2527 616 2582 vi
636 2525 780 2602 capiebant
800 2528 904 2593 urbem,
926 2528 987 2586 sine
1007 2530 1052 2595 iri,
1117 2583 1118 2586 ,

119 2608 177 2664 sine
196 2609 292 2664 ardore
312 2605 465 2661 animorum
486 2605 600 2680 ingressi
620 2619 733 2681 postero
757 2605 802 2662 die
820 2607 921 2662 orbem
942 2619 1053 2682 patente
1117 2605 1118 2644 t

120 2687 227 2743 Collinit
239 2686 327 2760 portia,
343 2685 371 2740 in
385 2685 473 2739 sorum
487 2686 659 2759 perveniunt,
675 2686 898 2742 circumferentes
913 2687 1010 2744 oculos
1020 2688 1054 2744 sd
1117 2689 1118 2698 ’

119 2768 222 2842 templa
235 2764 328 2822 Delum
344 2765 497 2838 arcemque,
512 2764 599 2820 solam
613 2765 677 2821 belli
690 2765 811 2840 speciem
822 2775 974 2822 tenentem.
1006 2767 1052 2822 lu·
1117 2819 1118 2840 ἶ

119 2847 162 2911 de,
184 2845 293 2901 modico
312 2844 408 2900 relicto
429 2843 573 2918 praesidio,
596 2847 646 2915 (ne
666 2846 726 2918 quis
740 2845 767 2899 in
782 2843 930 2918 dissipatos
943 2865 1052 2904 exerce
1117 2847 1118 2868 ¹

117 2939 164 2982 ant
179 2923 315 2999 Capitolio
335 2923 454 2998 impetus
468 2923 572 2998 fieret)
592 2923 688 2998 dilapsi
706 2923 741 2979 ad
755 2923 886 2999 praedem
899 2927 995 2982 vacuis
1008 2925 1051 2982 bc·

152 3084 222 3132 ¹See
236 3083 256 3129 I.
274 3082 315 3130 33.
388 3079 516 3130 ’Pedibus
527 3085 568 3135 ire,
580 3079 696 3143 referring
705 3091 730 3128 to
741 3086 889 3138 sacerdoees,·
897 3085 966 3147 serni
983 3075 1052 3130 to'sa-
1117 3121 1118 3140 ,

117 3167 163 3199 cia.
235 3151 244 3178 ¹
259 3153 357 3205 Ten-soe,
369 3149 471 3195 chariots
482 3149 507 3194 in
519 3149 595 3195 which
607 3151 647 3195 the
658 3149 718 3208 gods
729 3165 791 3196 were
801 3149 884 3196 drawn
897 3151 978 3212 hythe
988 3149 1050 3198 lead·

117 3219 159 3282 ing
170 3233 234 3272 men,
251 3217 277 3263 in
292 3217 384 3263 solemn
399 3216 555 3276 processione.
622 3216 631 3244 ⁴
649 3217 701 3262 The
717 3232 782 3263 seme
799 3231 825 3263 as
837 3229 975 3278 piraeeunte·
1010 3219 1050 3265 see

116 3305 139 3348 p.
155 3285 315 3339 249‚note2.
354 3289 462 3338 Carmen,
475 3297 514 3330 see
525 3299 547 3342 p.
559 3283 600 3338 27,
612 3285 703 3332 note3.
773 3285 825 3332 ³A
843 3295 936 3332 custom
954 3294 1049 3332 notun-

79 3403 82 3410 ,
117 3355 187 3401 usual
199 3361 309 3416 amongst
320 3351 359 3397 the
375 3352 488 3404 Romans,
507 3351 543 3396 for
559 3350 667 3412 generals
679 3351 727 3398 and
739 3351 837 3415 leading
854 3369 909 3400 men
927 3363 951 3400 to
969 3352 1049 3399 devote

116 3421 257 3468 themselves
273 3429 298 3466 to
315 3417 391 3470 death,
412 3418 464 3464 Diis
487 3419 600 3465 Manibus
616 3428 640 3465 et
658 3419 759 3477 Telluri,
777 3420 805 3466 in·
820 3435 884 3466 ceses
901 3421 930 3468 of
948 3429 1048 3466 extreme

116 3489 212 3552 danger.
248 3489 318 3535 From
330 3485 377 3531 this
387 3483 459 3546 being
471 3484 533 3532 done
544 3487 569 3532 in
582 3485 665 3534 sarour
677 3488 705 3533 of
718 3489 758 3535 ibe
770 3501 898 3550 emperors,
917 3503 996 3536 comes
1006 3502 1048 3534 our

116 3559 260 3616 expression,
272 3557 365 3604 devoted
375 3563 397 3602 to
410 3557 445 3602 iris
456 3557 547 3620 service.
