2232 3862
120 239 139 295 6
512 240 546 297 Τ.
566 235 668 298 Lll'll

120 415 214 455 omnes
228 407 327 466 essent,
341 396 455 456 Latinos
467 407 612 474 utramque
623 407 733 474 gentem
747 397 900 475 appellauit·
935 396 999 458 Nee
1010 397 1063 457 de-

119 477 184 536 inde
197 477 363 552 Aborigines
377 477 502 554 Trojanis
514 479 606 536 studio
625 497 658 535 ac
678 478 732 535 lide
745 497 810 553 erga
826 495 919 553 regem
933 477 1057 536 Aenean

117 575 234 614 cessere.
274 556 426 632 Fretusque
443 555 486 613 bis
503 557 600 614 animis
618 556 827 614 coalescentium
845 557 873 614 in
892 555 951 614 dies
963 558 1057 634 magis

119 635 236 693 duorum
249 636 411 712 populorum
426 637 546 705 Aeneas,
562 655 717 712 quanquam
735 647 810 694 tauta
827 633 925 711 opibus
939 635 1059 696 Etruria

118 726 184 782 erat,
196 713 290 791 utjam
300 735 355 772 non
365 727 451 774 terras
460 716 557 785 aoldm,
566 716 615 773 sed
625 735 699 773 mara
708 715 792 774 etiarn
800 734 850 790 per
859 725 945 772 totam
954 713 1059 774 Italiae

119 794 326 869 longitudinem,
347 797 382 853 ab
396 795 516 872 Alpibus
530 796 565 853 ad
578 796 677 852 fretum
693 794 825 862 Siculam,
845 793 918 850 lamb
932 794 1058 852 nominis

119 873 162 930 sui
172 873 326 950 implessem
343 887 444 940 tamen,
456 894 540 950 quum
553 874 694 931 moenibus
704 873 804 930 bellum
815 873 974 949 propulsare
987 893 1058 950 pos·

118 963 169 1020 cet,
180 953 208 1009 in
218 953 304 1012 aciem
316 954 408 1030 copias
418 954 522 1011 eduxit.
547 953 705 1012 Secundum
714 952 777 1010 inde
787 951 921 1028 proelium
933 951 1055 1022 latinis,

119 1034 233 1090 Aeneae
250 1033 333 1090 etiam
351 1033 478 1090 ultimum
496 1052 609 1109 opernm
628 1031 784 1088 mortalium
801 1031 861 1088 init.
901 1029 978 1090 Situs
998 1045 1056 1101 est,

118 1131 319 1186 quemcumque
338 1131 403 1170 eum
416 1112 471 1170 diei
486 1112 533 1188 jus
550 1113 644 1186 fasque
658 1122 709 1182 est,
728 1127 810 1187 super
824 1110 984 1169 Numicium
998 1112 1057 1169 flu-

117 1209 197 1248 men:
217 1189 317 1248 Jovem
330 1191 478 1267 indigetem
493 1193 638 1270 appeliant.

156 1269 211 1326 ΙΙΙ.
223 1269 353 1328 Nondum
365 1283 487 1328 maturus
500 1272 615 1348 imperio
626 1270 761 1328 Ascanius
772 1271 885 1330 Aeneae
893 1271 965 1330 salius
973 1283 1057 1330 erat:

117 1360 208 1406 tamen
223 1348 251 1406 id
264 1350 408 1426 imperium
427 1351 453 1407 ei
466 1351 501 1407 acl
515 1351 644 1427 puberem
659 1363 776 1408 aetatem
790 1350 1054 1414 incolumemansit,

119 1427 265 1504 Tantisper
275 1430 361 1486 tutelis
375 1429 509 1497 muliebri,
520 1429 612 1505 (tanta
624 1430 731 1488 indoles
743 1429 770 1486 in
779 1428 895 1487 Lavinia
907 1429 996 1503 erat,)›
1004 1449 1056 1488 res

116 1505 217 1566 Latina
229 1519 258 1565 et
271 1528 384 1584 regnum
399 1510 500 1567 avitum
519 1521 717 1586 paternamque
734 1529 822 1586 puero
837 1509 922 1566 stetit.
961 1507 1055 1566 Hand

115 1585 182 1644 nihil
196 1587 341 1663 ambigam,
356 1589 432 1664 (quis
446 1589 517 1646 enim
537 1609 594 1646 rem
613 1602 669 1647 tam
683 1602 805 1646 veterem
822 1608 872 1665 pro
888 1600 962 1647 certo
975 1587 1055 1645 affin·

116 1667 212 1740 meti)
227 1665 332 1726 hiccine
344 1668 426 1724 fuerit
441 1669 585 1737 Ascanius,
604 1689 638 1726 aa
656 1668 750 1746 major,
771 1667 854 1743 quam
871 1666 924 1736 hio,
943 1667 1055 1726 Creusa

115 1757 203 1803 matre
223 1745 276 1802 llio
294 1747 423 1804 incolumi
441 1759 530 1814 natus,
553 1767 699 1823 comesque
718 1748 783 1805 inde
805 1760 935 1824 paternae
956 1747 1051 1823 fugae,

115 1845 196 1898 quam
206 1823 302 1881 'lulum
317 1819 433 1882 eundern
445 1825 521 1883 Julia
530 1846 597 1901 gene
606 1840 745 1885 auctorem
756 1827 874 1884 nominis
887 1827 929 1883 sui
942 1846 1055 1884 numu·

114 1915 171 1980 pat.
211 1903 239 1960 Is
257 1905 402 1972 Ascanius,
423 1905 578 1980 ubicunque
596 1907 804 1982 etquicunque
822 1917 911 1963 matre
929 1905 1054 1980 genitus,

24 1983 26 1990 '
115 1983 206 2056 (certe
219 1997 314 2041 uatum
329 1984 427 2042 Aenea
439 1984 560 2060 constat)
575 1986 730 2042 abundante
740 1984 848 2042 Lauinii
863 1983 1053 2052 multitudine,

113 2062 255 2121 florentem
271 2063 339 2141 jam,
354 2064 402 2137 (ut
421 2076 479 2121 tum
500 2084 544 2122 res
563 2065 665 2139 etant)
679 2076 761 2140 atque
781 2064 937 2139 opulentam
952 2064 1049 2121 urbem
1111 2125 1112 2130 ἵ

113 2143 194 2200 matri
206 2141 213 2179 ¹
228 2163 277 2200 seu
290 2162 432 2210 novercae,
448 2143 573 2218 reliquit:
593 2163 690 2201 novam
705 2145 764 2220 ipse
777 2143 813 2200 ali
871 2143 922 2200 sub
936 2141 1054 2200 Albano

113 2234 206 2278 monte
220 2222 358 2290 condidit;
372 2243 451 2298 quae,
462 2223 497 2280 ab
508 2223 563 2282 aitn
573 2235 714 2299 porrectae
723 2201 790 2279 indi
812 2215 817 2230 ”
853 2221 935 2289 urbis,
950 2219 1051 2296 Longa

112 2301 187 2357 Alba
200 2301 342 2376 appellata.
370 2301 447 2358 lnter
461 2301 606 2359 Lavinium
621 2315 650 2360 et
659 2302 759 2360 Albam
775 2301 899 2376 Longam
912 2299 1050 2358 coloniam

111 2375 256 2436 deductam
268 2381 379 2455 triginta
390 2381 475 2439 ferme
488 2381 636 2439 interfuere
645 2382 717 2439 anni.
749 2381 869 2438 Tantum
879 2391 970 2437 tamen
981 2397 1054 2455 epea
1110 2391 1111 2396 ’

111 2471 259 2526 creverant,
271 2459 389 2516 maxime
398 2460 466 2518 lusis
477 2460 610 2529 Etruscis,
621 2473 653 2518 ut
662 2481 697 2518 ne
707 2473 795 2518 morte
805 2459 915 2535 quidem
926 2459 1052 2527 Aeaeae,

4 2573 11 2614 1
110 2525 162 2596 nhc
176 2539 283 2608 deinde,
298 2540 369 2596 inter
382 2541 542 2597 muliebrem
553 2541 667 2598 tutelam
678 2540 918 2614 rudimentumque
927 2538 1053 2614 piimunu

110 2619 222 2693 puerilis
240 2619 324 2694 regni,
346 2638 456 2676 movere
477 2639 551 2677 arma
571 2631 618 2677 aut
632 2619 791 2677 Mezentius
805 2617 978 2692 Etruscique,
998 2629 1052 2674 aut

101 2697 158 2772 ‘ulli
172 2698 216 2754 alii
230 2699 337 2756 accolae
350 2699 409 2754 ausi
422 2698 486 2754 sint.
514 2699 573 2756 Pax
582 2699 622 2755 ita
631 2711 803 2764 convenerat,
814 2711 846 2755 ut
856 2697 981 2754 Etruscis
992 2695 1050 2754 La·

109 2777 229 2851 tinisque
237 2777 335 2834 fluvim
345 2777 457 2846 Albula,
468 2795 550 2852 quem
561 2798 635 2835 nnnc
646 2778 768 2835 Tiberim
777 2787 883 2844 vocant,
894 2776 955 2832 finis
965 2788 1050 2833 esset.

111 2856 211 2912 Silvius
227 2857 326 2915 deinde
345 2869 450 2933 regnat,
472 2857 586 2914 Ascanii
606 2857 686 2924 filius,
707 2877 771 2914 casu
790 2855 908 2931 quodam
925 2855 954 2912 in
973 2854 1052 2911 silvis·

108 2948 197 2994 natus.
224 2935 253 2992 ls
264 2936 380 2994 Aenean
390 2936 504 2994 Silvium
519 2949 602 2994 creat.
628 2936 657 2993 Is
668 2935 767 2994 deinde
779 2935 907 2992 Latinum
921 2933 1050 2990 Silvium.

109 3015 157 3072 Ab
168 3034 201 3072 eo
209 3015 331 3074 coloniae
341 3017 445 3092 aliquot
453 3017 596 3084 deductae,
609 3016 696 3072 Prisci
704 3015 799 3072 Latini
806 3013 943 3090 appellati.
963 3011 1050 3070 Man·

108 3093 163 3150 sit²
182 3095 272 3151 Silviis
288 3108 384 3172 postea
402 3097 528 3152 omnibus
542 3114 704 3171 cognomen,
725 3095 772 3169 qui
787 3095 877 3150 Albae
891 3092 1048 3167 regnbrunt.

107 3173 209 3230 Latino
223 3173 297 3231 Alba
310 3189 395 3242 ortus,
411 3175 485 3230 Alba
499 3177 585 3250 Atys,
596 3175 674 3249 Atye
689 3174 791 3249 Capys,
808 3173 903 3248 Capye
915 3173 1044 3248 Capetus,
1106 3187 1107 3210 t

108 3253 215 3330 Capeto
226 3253 387 3322 Tiberinns;
402 3254 457 3328 qui,
472 3253 500 3309 in
514 3253 631 3330 trajectu
643 3253 765 3310 Albulae
779 3252 868 3309 amnis
880 3251 1045 3320 submersas,

140 3382 146 3412 ¹
165 3384 248 3436 Matri,
267 3381 378 3437 Lavinia,
396 3381 434 3428 his
451 3382 544 3429 mother
555 3385 587 3443 by
599 3383 640 3428 the
651 3394 698 3428 one
715 3388 828 3438 account,
847 3379 883 3427 his
901 3379 1048 3441 stepmother
1105 3409 1106 3418 ,

104 3453 136 3510 by
148 3451 188 3496 the
200 3451 275 3497 other.
351 3444 361 3472 ²
378 3452 478 3504 Mansa,
488 3450 532 3496 dic.
571 3449 712 3496 Thereaftcr
722 3448 756 3496 all
768 3451 822 3495 who
833 3447 936 3511 reigned
947 3457 972 3494 at
984 3446 1049 3494 Alba

103 3519 213 3565 retained
231 3519 272 3564 the
290 3531 404 3564 surname
423 3518 451 3564 of
471 3517 567 3566 Silvius.
605 3517 670 3564 Note
690 3517 771 3566 Silviis
786 3518 866 3566 where
883 3517 924 3564 the
945 3514 1046 3578 English

106 3584 180 3633 *suom
193 3587 300 3649 requiras
314 3584 411 3634 Silvius·
