2224 3862
434 249 558 308 LIBER
579 247 631 308 1v.
948 251 1006 308 277

59 407 114 465 ‘rei
128 407 243 484 gratiam
259 425 370 464 ornnem
385 407 420 464 ad
434 407 543 484 plebem
558 408 784 485 praeoccupasse,
799 427 852 467 nec
865 408 957 466 locum
972 409 1002 466 in

63 489 111 545 ‘eri
124 488 251 545 relictum
267 487 338 552 sibi;
358 486 431 544 hand
451 490 562 562 gravate
582 487 764 545 acclinaturos
783 509 813 546 se
833 489 868 546 ad
889 507 1000 546 causam

61 567 197 634 ‘scantiae
212 585 264 642 per
277 585 359 640 quam
375 567 502 624 universo
518 567 608 623 ordini
619 587 682 623 cum
694 567 830 644 prioribus
844 587 873 624 se
884 568 998 625 Patrum

61 645 244 703 ‘concilient'
286 647 513 721 Approbantibus
527 646 642 714 cunctis,
657 661 685 702 et
698 659 762 704 ante
776 666 871 704 omnes
882 647 918 710 Q.
934 647 998 706 Ser·

2 777 3 792 ,
60 725 119 781 vilio
134 727 242 792 Prisco,
257 730 264 758 ‘
279 726 353 798 quod
366 745 421 780 non
436 726 629 799 degenerasset
642 726 677 782 ab
690 726 775 801 stirpe
791 725 925 792 Claudia'
939 726 995 784 col·

2 823 3 872 ἢ
60 804 185 861 laudante
193 804 337 880 juvenem,
358 803 499 878 negotium
516 805 604 871 datur,
623 817 663 870 ut,
684 825 753 880 quos
774 805 889 880 quisque
903 815 997 881 posset

2 943 3 948 χ
60 902 89 940 ex
99 883 219 958 collegio
233 882 414 948 tribunorum,
425 883 461 939 ad
471 883 692 940 intercessionem
704 884 876 960 perlicerent.
906 883 997 942 Misso

2 957 3 1018 ἶ
58 976 160 1028 senatu,
176 975 342 1038 prensantur
354 963 389 1018 ab
403 961 573 1037 principibus
583 963 703 1019 tribuni:
724 963 874 1030 suadendo,
884 983 998 1020 monen-

58 1043 97 1108 do,
111 1042 327 1118 pollicendoque
342 1049 349 1074 ‘
363 1054 471 1116 gratum
485 1041 513 1097 id
527 1041 641 1116 singulis
655 1043 791 1117 privatim,
812 1054 920 1116 gratum
935 1043 997 1098 uui·

60 1130 156 1177 ‘verso
182 1122 292 1177 senatui
313 1119 390 1184 fore‚'
403 1140 465 1176 »sex
489 1121 524 1177 ad
548 1121 771 1178 intercessionem
795 1139 997 1196 comparavere.

59 1199 230 1274 Posteroque
244 1199 289 1256 die
302 1219 387 1274 quum
402 1219 437 1256 ex
446 1200 600 1275 composito
614 1199 729 1256 relatum
739 1202 774 1258 ad
784 1214 910 1256 senatum
924 1210 998 1258 esset

58 1279 89 1335 de
101 1280 250 1344 seditione,
263 1286 361 1352 ‘quam
375 1278 523 1336 Maecilius
534 1277 715 1354 Metiliusque
729 1278 873 1355 largitione
884 1277 997 1354 pessimi

59 1359 199 1433 ‘exempli
221 1359 363 1415 concirent
373 1355 388 1424 ς’
409 1369 473 1414 eae·
500 1357 636 1414 orationes
657 1377 674 1414 a
695 1359 859 1433 primoribus
883 1358 997 1414 Petrum

57 1435 164 1494 habitae
179 1449 254 1504 sunt,
269 1449 301 1493 ut
314 1456 364 1512 pro
377 1456 407 1493 se
421 1436 536 1512 quisque
551 1435 627 1513 ‘jam
642 1456 693 1494 nec
707 1438 850 1498 consilium
866 1437 918 1494 sibi
932 1456 997 1512 sup·

59 1515 181 1592 ‘petere'
200 1517 313 1582 diceret,
330 1523 337 1550 ‘
352 1534 402 1573 neo
417 1535 446 1572 se
459 1515 544 1571 ullam
559 1535 640 1593 opem
655 1535 766 1574 cernere
780 1518 859 1574 aliam
872 1535 998 1592 usquam,

59 1602 269 1671 ‘praeterquam
284 1595 313 1650 in
326 1594 473 1652 tribunicio
487 1595 598 1652 auxilio.
639 1594 672 1652 In
687 1595 746 1672 ejus
760 1597 903 1672 potestatis
914 1597 998 1652 fldem

59 1681 65 1708 ‘
77 1677 295 1733 circumventam
304 1673 510 1751 rempublicam,
519 1687 647 1750 tanquam
657 1676 793 1751 privatum
803 1677 922 1753 inopem,
932 1694 998 1732 con·

59 1755 182 1830 ‘lugere
226 1754 400 1810 Praeclarum
413 1753 480 1828 ipsis
494 1755 679 1828 potestatique
693 1773 762 1824 esse,
779 1775 834 1812 non
848 1756 884 1812 ad
898 1773 999 1811 vexan-

59 1834 143 1890 ‘dum
162 1845 291 1889 senatum
313 1833 532 1907 discordiamque
555 1833 684 1890 ordinum
705 1835 867 1891 movendam
888 1833 950 1910 plns
970 1833 999 1888 in

60 1915 221 1970 ‘tribunatu
236 1912 334 1968 virium
350 1931 419 1977 esse,
429 1910 510 1986 quiam
525 1912 560 1968 ad
571 1912 755 1969 resistendum
768 1912 901 1989 improbis
916 1911 999 1969 colle·

58 1992 136 2066 ‘gis'
178 1991 318 2048 Fremitus
332 1990 432 2048 deiude
443 1991 561 2046 universi
573 1990 685 2047 senatis
696 2003 781 2057 ortus,
791 2011 877 2065 quum
891 2010 927 2047 ex
940 2009 999 2046 om·

58 2071 135 2128 nibus
156 2069 283 2146 partibus
307 2069 399 2126 curiae
421 2068 524 2126 tribuni
545 2069 766 2145 appellarentur:
794 2083 863 2136 tum,
887 2068 998 2126 silentio

2 2214 3 2217 Ἴ
56 2149 136 2218 iacto,
151 2151 180 2217 ii,
196 2151 244 2224 qui
258 2149 411 2225 praeparati
424 2160 503 2206 erant
516 2149 604 2223 gratia
615 2148 778 2224 principum,
800 2156 904 2223 ‘quam
919 2165 998 2222 roga·

58 2231 182 2288 ‘tionem
198 2249 214 2286 a
228 2229 338 2302 collegis
349 2228 548 2304 promulgatam
562 2242 674 2284 senatus
688 2239 798 2284 censeat
808 2227 998 2284 dissolvendae

57 2308 246 2385 ‘reipublicae
260 2327 328 2372 esse,
344 2308 369 2364 ei
383 2327 413 2364 se
424 2305 629 2364 intercessuros’
640 2307 798 2364 ostendunt.
839 2305 946 2365 Gratiae
957 2305 998 2362 in-

57 2388 254 2446 tercessoribus
268 2387 302 2442 ab
315 2397 413 2444 senatu
425 2398 510 2443 actae.
551 2385 668 2444 Latores
688 2385 845 2462 rogationis,
866 2386 999 2444 concione

58 2468 199 2530 advocata,
221 2466 396 2541 ‘proditores
413 2465 501 2540 plebia
521 2465 729 2523 commodorum
744 2485 776 2523 ac
792 2485 885 2522 servos
899 2484 999 2523 consu·

58 2546 162 2603 larium'
177 2545 357 2622 appellantes,
371 2545 479 2621 aliique
494 2545 564 2602 truci
578 2545 701 2603 oratione
715 2544 743 2600 in
757 2545 875 2620 collegas
888 2543 999 2611 invecti,

57 2627 194 2684 actionem
210 2625 371 2700 deposuere.
467 2651 469 2656 v

198 2703 307 2760 XLIX.
322 2702 390 2759 Duo
398 2701 508 2759 assidua
516 2704 587 2760 bella
596 2703 743 2778 insequens
752 2722 839 2760 annus
848 2700 1000 2770 habuisset,

58 2775 81 2808 ¹³¹
94 2775 115 2811 ⁰·
156 2803 215 2858 quo
242 2783 272 2839 Ρ.
297 2781 442 2840 Cornelius
464 2783 577 2851 Cossus,
606 2783 639 2840 C.
666 2781 792 2839 Valerius
818 2781 935 2848 Potitus,
963 2783 1000 2846 Q.

58 2829 112 2878 34⁰¹
158 2862 309 2926 Quinctius
329 2861 518 2928 Cincinnatus,
541 2861 577 2918 N.
593 2861 693 2918 Fabius
714 2861 876 2928 Vibulanus,
897 2861 1002 2919 tribuni

57 2943 175 2999 militum
191 2941 328 2999 consulari
336 2953 472 3016 potestate
482 2941 607 3002 luerunt:
622 2940 651 2995 ni
663 2939 874 3017 Vejensbellum
885 2941 1000 3016 religio²

57 3023 212 3098 principum
234 3019 395 3086 distulisset,
416 3039 532 3094 quorum
547 3039 627 3094 agros
642 3019 758 3086 Tiberis,
781 3039 864 3095 super
875 3019 947 3096 ripas
961 3021 1000 3078 ef·

57 3102 141 3168 lusus,
156 3099 279 3156 maxima
289 3099 375 3156 ruinis
386 3099 511 3156 villarum
521 3098 648 3156 vastavit.
691 3098 778 3156 Simul
793 3101 907 3174 Aequos
918 3099 1002 3156 trien·

57 3180 101 3236 nio
120 3183 188 3237 autb
208 3192 324 3254 accepta
343 3177 456 3236 clades³
470 3177 610 3254 prohibuit
624 3177 746 3244 Bolanis,
767 3195 832 3234 suae
846 3179 937 3251 gentis
951 3197 1001 3254 po·

58 3260 131 3333 pulo,
144 3259 312 3335 praesidium
327 3259 405 3313 ferre.
446 3255 632 3314 Excursioues
641 3257 705 3314 inde
715 3257 743 3312 in
754 3257 889 3312 confinem
905 3276 1002 3332 agrum

57 3337 228 3396 Lauicanam
249 3338 337 3395 iactae
356 3347 441 3404 eraut,
463 3336 596 3410 novisque
617 3334 744 3394 colonis⁴
762 3335 864 3392 bellum
885 3335 1001 3391 illatum.

88 3452 177 3504 ¹an
216 3451 289 3498 Such.
365 3445 493 3511 'Religio
516 3449 556 3496 dre
578 3447 693 3511 religione
713 3447 827 3508 scruplcs.
906 3445 957 3492 ¹11.
978 3459 1001 3494 c.

58 3519 111 3569 337.
153 3521 198 3566 See
209 3519 237 3566 C.
248 3517 289 3567 47.
359 3517 369 3546 ‘
380 3521 448 3573 Inde,
458 3515 521 3564 from
535 3515 707 3566 Bolas-novis
715 3517 810 3570 colonis,
819 3513 886 3560 those
896 3508 948 3560 who
956 3511 1004 3560 bad

57 3588 115 3636 been
126 3595 182 3634 sent
191 3594 217 3634 to
231 3583 322 3634 Lavici.
359 3585 404 3632 See
419 3585 446 3632 C.
461 3583 503 3634 47.

513 3651 568 3708 en
