2232 3862
101 197 139 266 42
512 195 546 256 T.
565 193 667 256 len

101 353 178 411 ‘tius
193 353 299 412 Romae
313 353 472 429 peregrinus
487 373 602 429 regnum
620 352 749 414 affectata
769 363 798 410 et
812 351 923 410 Tatium
937 369 995 408 nou
1011 370 1056 408 ex
1100 377 1105 390 Δ

102 433 266 509 ‘peregrino
284 433 382 500 solum,
406 433 455 490 sed
475 434 558 491 etiam
579 453 615 490 ex
642 432 730 502 hoste,
749 451 845 508 regern
864 432 988 490 sactum:
1020 449 1056 488 ca
1104 461 1105 470 κ

102 519 110 546 ‘
125 511 255 579 Numam,
270 511 393 586 ignarum
407 513 491 579 urbis,
506 529 560 570 non
574 525 724 588 petentem,
740 513 768 568 in
781 529 896 587 regnum
910 511 986 568 ultrb
999 529 1055 568 ac·

102 591 221 648 ‘citum
258 590 305 657 Se,
327 610 362 646 ex
381 610 436 665 quo
455 591 500 648 sui
520 604 617 667 potens
635 593 727 660 fuerit,
750 591 866 648 Romam
886 609 951 648 cum
977 609 1053 648 con·

103 677 110 704 ‘
120 669 188 746 juge
202 689 234 730 ac
248 669 362 726 latonia
371 669 497 726 omnibus
508 671 718 746 commigrasse:
739 668 869 746 majorem
879 682 985 745 partem
996 689 1052 727 aa·

70 825 73 832 .
103 749 189 806 ‘tatis
203 747 261 824 ejus
285 748 341 822 quia
354 747 480 806 civilibus
500 749 597 806 officiis
613 750 761 825 longantur
780 747 913 816 homines,
933 749 1051 806 Romae
1102 761 1103 764 ’

103 835 163 895 ‘se,
184 825 265 902 quiam
286 828 315 882 iu
330 838 421 884 vetere
441 828 537 903 patria,
552 828 661 886 vixisse.
702 827 789 885 Domi
809 827 976 902 militiaeque
989 829 1051 884 sub
1099 839 1105 872 l

104 917 111 943 ‘
125 906 199 964 haud
213 907 379 982 poenitendo
392 907 532 982 magistro,
546 908 607 982 ipsc
616 908 698 964 Anco
708 927 782 982 rege,
793 906 918 964 Romana
927 927 957 964 se
966 906 1047 984 jara,

103 993 111 1022 ‘
126 987 267 1045 Romanos
281 985 350 1042 ritus
360 985 496 1043 didicisse.
537 986 680 1062 Obsequio
690 999 718 1044 et
726 985 897 1042 observantiis
906 985 933 1041 in
947 1005 1049 1061 regem

103 1073 111 1103 ⁴
125 1085 189 1124 cum
203 1065 337 1132 omnibus,
353 1065 521 1140 benignitate
534 1085 599 1140 erga
612 1066 679 1123 alios
689 1085 752 1122 cum
763 1083 827 1140 rege
838 1065 897 1140 ipso
906 1065 1049 1122 mamae!

105 1191 129 1226 U·
144 1191 158 1226 c
204 1144 285 1209 Haeo
298 1165 362 1202 eum
372 1144 445 1202 haud
454 1145 520 1202 lalsa
530 1157 725 1202 memorantem
735 1143 982 1219 ingenticonsenso
992 1163 1048 1219 po·

109 1215 166 1295 ηεξ
203 1225 284 1300 pulus
312 1224 456 1281 Romanus
475 1243 589 1299 regnare
604 1223 697 1300 jussit.
737 1223 812 1298 Ergo
833 1223 930 1290 virum,
946 1235 1046 1280 cetera
1102 1241 1105 1274 t

203 1303 352 1378 egregium,
380 1315 483 1372 secuta,
504 1322 586 1378 quam
610 1306 637 1360 in
658 1302 777 1378 petendo
798 1300 938 1368 babuerat,
957 1302 1046 1359 etiam

101 1393 263 1456 regnantem
271 1381 385 1440 ambitio
393 1395 435 1438 est
445 1381 463 1437 ¹.
506 1381 663 1439 Necminirs
671 1382 748 1457 regni
760 1381 804 1438 sui
813 1381 946 1446 finnandi,
958 1380 1048 1455 quiam

101 1461 244 1536 augendae
264 1460 439 1537 reipublicae,
460 1480 574 1528 memor,
594 1473 705 1518 centum
726 1461 754 1516 in
777 1460 871 1516 Patres
892 1459 974 1534 lagit3
995 1461 1049 1534 qui
1104 1483 1105 1486 ¹

103 1540 205 1596 deinde
226 1539 361 1596 minorum
382 1540 506 1614 gentium
526 1552 591 1596 sunt
608 1539 757 1615 appellati3
775 1539 858 1596 factio
871 1537 944 1596 hand
958 1539 1048 1596 dubia
1104 1561 1105 1595 ι

103 1618 184 1692 regis,
199 1619 278 1695 cujus
291 1617 426 1676 beneficio
446 1619 473 1676 iu
494 1618 597 1676 curiam
612 1631 750 1675 venerant.
791 1617 900 1674 Bellum
923 1617 1048 1693 primam

103 1717 168 1754 cum
183 1696 290 1754 Latinis
310 1698 402 1771 gessit,
423 1711 452 1754 et
466 1698 598 1773 oppidum
612 1698 648 1754 ibi
664 1696 797 1772 Appiolas
811 1697 838 1752 vi
855 1697 945 1772 oepit:
964 1716 1051 1773 prae·v
1104 1721 1105 1754 ;

106 1776 204 1850 disque.
216 1776 280 1832 inde
298 1775 409 1851 majore,
428 1775 511 1851 quim
531 1788 633 1851 quanta
653 1776 717 1832 belli
730 1776 801 1832 fama
814 1775 911 1842 luerat,
924 1777 1046 1846 revecti,
1104 1803 1105 1820 t

104 1855 185 1912 ludos
201 1853 359 1931 opulentids
382 1855 603 1930 instructiusque,
628 1854 709 1929 quam
734 1855 837 1930 priores
859 1873 947 1929 reges,
968 1857 1046 1914 fecit.

107 1934 180 1990 Tum
195 1934 312 2010 primirm
327 1935 409 2000 circo,
430 1934 478 2010 qui
497 1954 571 1992 nnnc
592 1933 735 1991 Maximus
754 1934 865 2002 dicitnr,
885 1934 1047 2009 designatas

104 2013 183 2072 locus
196 2026 247 2070 est.
287 2013 363 2071 Loca
375 2013 462 2070 divisa
473 2014 598 2072 Patribus
607 2013 808 2090 equitibusque,
817 2013 865 2070 ubi
878 2014 1046 2090 spectacula,
1104 2045 1105 2062 t

106 2093 158 2150 sibi
184 2093 308 2168 quisque,
335 2093 464 2160 facerent,
486 2091 550 2150 Fori
568 2093 697 2169 appellati
708 2097 729 2148 ².
771 2093 934 2167 Spectavere
961 2093 1047 2150 furcis
1104 2119 1105 2158 t

107 2173 250 2230 duodenos
269 2173 304 2229 ab
321 2173 393 2230 tarra
406 2173 562 2247 spectacula
574 2172 630 2230 alta
642 2171 840 2229 sustinentibus
853 2171 947 2247 pedes.
986 2171 1047 2228 Lu·
1104 2195 1105 2232 3

107 2251 357 2326 dicmmfuit,equi
368 2252 528 2327 pugilesque
547 2271 582 2308 ex
604 2251 714 2310 Etrurii
730 2251 849 2308 maxime
862 2250 952 2308 acciti.
995 2251 1046 2308 So-
1104 2291 1105 2322 ,

106 2330 201 2388 lennes
221 2330 320 2386 deinde
337 2330 421 2388 annui
440 2349 564 2388 mansere
583 2329 650 2397 ludi,
672 2329 791 2388 Romani
805 2327 958 2404 Magnique
972 2331 1047 2387 varie
1104 2359 1105 2394 1

107 2409 244 2484 appellati.
286 2408 333 2465 Ab
342 2410 439 2466 eodem
454 2429 518 2484 rega
532 2420 560 2466 et
574 2409 646 2467 circa
658 2408 867 2485 fornmprivetis
878 2408 1047 2469 aedificanda
1104 2463 1105 2468 ,

108 2489 196 2546 divisa
209 2499 273 2544 sunt
287 2487 361 2554 loca;
381 2487 511 2564 porticus,
526 2488 707 2563 tabernaeque
721 2489 817 2546 factae.

142 2647 242 2708 'Erga
259 2649 301 2711 isc.
338 2651 403 2711 Ergo
421 2647 514 2697 ambitio
531 2663 603 2712 quam
620 2651 732 2698 laoduarat
749 2651 774 2697 in
796 2652 894 2710 petendo
915 2657 995 2696 secuto
1014 2659 1048 2698 ert
1104 2635 1105 2694 l

107 2719 185 2764 ulrum
202 2720 318 2778 egregium
335 2728 425 2766 caerem
441 2721 510 2766 eliam
526 2727 671 2778 regnantem.
710 2717 746 2764 As
763 2715 841 2780 might
857 2716 915 2762 have
930 2716 992 2764 been
1008 2731 1049 2762 ex·
1104 2735 1105 2742 ¹

109 2781 201 2842 pected,
219 2784 259 2829 the
276 2799 341 2830 same
357 2783 410 2830 love
421 2785 450 2830 of
463 2783 597 2846 popularity
610 2785 687 2830 ulrich
705 2785 734 2830 he
751 2783 798 2830 had
815 2782 963 2830 entertained
976 2783 1001 2830 in
1013 2783 1049 2834 his
1104 2805 1105 2846 q

106 2850 253 2910 application
266 2850 303 2898 lor
313 2839 353 2898 tlte
364 2851 486 2913 sovereign
499 2867 586 2912 power,
599 2851 674 2912 clung
685 2861 710 2899 to
722 2851 779 2902 him.
796 2849 971 2912 distinguished
984 2866 1010 2897 as
1020 2853 1049 2896 he
1104 2859 1105 2900 l

110 2934 159 2964 raras
170 2918 195 2964 in
207 2919 274 2966 other
286 2931 396 2980 respectu,
409 2935 466 2966 eren
477 2920 578 2966 afterhis
587 2921 704 2967 elevatiora
714 2929 739 2966 to
747 2919 787 2966 the
797 2919 889 2966 throne.
965 2913 975 2942 ¹
988 2917 1049 2978 Livy
1104 2915 1105 2976 l

109 3001 187 3033 seems
204 2996 230 3034 to
246 2988 305 3034 have
322 2987 460 3034 committed
477 3003 507 3034 an
520 2988 647 3050 oversight,
660 2987 684 3034 in
697 2986 821 3048 assigning
833 2995 940 3046 separate
951 2995 1014 3032 seats
1024 2996 1049 3032 to
1104 2985 1105 2990 ’

109 3055 150 3102 the
162 3065 268 3102 senators
277 3053 434 3116 andknights
445 3063 469 3102 at
478 3071 504 3101 so
512 3055 576 3117 early
585 3055 697 3116 aperiod.
734 3053 873 3115 According
882 3064 907 3100 to
919 3052 1051 3115 Dionysius
1104 3099 1105 3110 ,

110 3121 190 3182 places
199 3137 260 3168 were
268 3121 365 3170 marked
375 3123 413 3170 off
418 3123 455 3169 for
462 3123 502 3172 the
511 3127 592 3172 curiae
600 3123 666 3185 only.
699 3121 810 3170 Valerius
821 3122 954 3177 Maximus,
967 3121 998 3169 iv.
1011 3121 1049 3177 51,

109 3191 153 3236 has
170 3191 210 3236 the
226 3189 351 3252 following
368 3189 476 3240 remark:
503 3196 527 3240 A
544 3195 638 3239 condita
654 3193 709 3239 arba
726 3193 848 3254 usquead
866 3192 1013 3256 Astiaaaam
1028 3199 1050 3237 et

115 3261 234 3306 Tiberium
247 3261 358 3319 Longum
369 3261 473 3306 consuas
481 3261 629 3320 promiscuas
640 3264 734 3307 meatui
744 3269 766 3306 et
773 3260 861 3320 populo
872 3261 1049 3320 spectandorum

109 3329 222 3374 Iudaeam
232 3328 297 3374 locus
307 3335 366 3373 erat.
402 3325 509 3384 Resides,
523 3325 584 3386 Livy
596 3325 695 3372 himself
704 3325 817 3372 confirma
827 3325 874 3372 this
886 3325 955 3370 when
968 3324 1050 3384 speak-

109 3392 155 3454 ing
167 3393 195 3440 ol
209 3394 250 3438 the
270 3391 373 3447 Aediles,
393 3407 420 3440 a.
434 3407 458 3440 υ.
480 3406 501 3440 ο.
522 3393 579 3441 556.
616 3395 709 3442 Horam
726 3396 840 3440 aedilium
851 3397 918 3442 ludos
935 3396 1050 3440 Romanor

111 3475 214 3512 sarrana
230 3469 326 3508 amatur
342 3478 356 3506 a
371 3465 457 3523 populo
473 3471 576 3512 secretus
591 3463 709 3524 spectavit,
728 3459 807 3510 ruris.
823 3459 861 3508 ol.
902 3459 1049 3520 Spectacula,
1104 3501 1105 3514 ,

110 3531 160 3578 loca
174 3525 238 3578 anule
249 3537 390 3590 spectamur.
