2262 3858
128 225 187 282 880
515 227 552 286 .Τ.
573 227 673 288 LIVII

132 401 194 440 nam
214 401 264 458 per
278 381 376 459 juncta
394 385 473 442 cneio
488 385 558 462 juga
576 387 701 444 in'aiium
715 386 809 444 orbem
823 385 964 444 terrarum
976 386 1074 442 transi-

133 473 203 528 rent,
217 463 312 538 religio
325 464 407 520 etiam
428 467 525 533 tenuit,
546 469 619 541 qubd
640 467 753 524 allatum
766 479 819 532 est,
835 475 842 500 ‘
857 467 981 522 advenas
995 485 1078 540 quae·

135 551 143 576 ⁶
156 553 247 598 rentes
255 561 350 616 ugrum
359 545 393 600 ab
399 543 511 620 Salyum
520 559 602 620 gente
611 545 779 622 oppugnari!
796 545 996 604 Massilienses
1005 556 1082 602 erant

131 619 172 687 bi,
186 621 302 680 naribus
314 641 331 678 a
345 622 471 680 Phocaeis
484 625 607 696 proiecti.
647 625 681 682 ld
696 625 771 682 Galli
780 625 906 682 fortunae
916 643 989 680 suae
999 642 1079 680 omen

134 700 186 757 ruti
205 701 344 777 adjuvere,
361 715 402 770 ut,
423 721 504 777 quem
524 705 643 780 primum
664 704 691 760 in
713 717 813 762 terram
832 704 937 779 egressi
959 721 1079 776 occupe-

134 792 238 847 verant,
253 781 343 837 locum
359 783 513 856 patentibus
526 784 600 840 silvis
614 783 824 840 communirent.
864 779 923 858 ipsi
937 801 992 857 per
1007 780 1078 838 Tau·

134 859 208 915 rinos
228 861 368 935 saltusque
387 862 474 918 invios
495 862 585 937 Alpes
604 862 849 920 transcenderunt:
869 861 999 935 fusisque
1021 861 1077 917 acie

131 938 234 996 Tuscis
256 938 328 997 haud
348 941 443 1015 procui
466 939 563 998 Ticino
582 942 704 1008 flumine,
719 959 815 1016 quum,
828 941 857 996 in
870 959 926 1016 quo
941 939 1076 1000 consede·

134 1030 204 1084 rant,
218 1037 315 1094 agrurn
329 1018 485 1076 Insubrium
498 1020 628 1096 appellari
642 1022 791 1086 audissent,
812 1019 982 1094 cognomine
997 1017 1075 1074 Insu·

130 1098 306 1175 buibuspego
321 1099 484 1156 Aeduorum
495 1103 518 1167 Ι;
538 1101 585 1165 ibi,
600 1119 681 1157 omen
695 1111 840 1174 sequentes
850 1099 912 1166 ioci,
923 1098 1075 1156 condidere

134 1178 246 1235 urbem:
268 1177 478 1235 Mediolanum²
491 1179 670 1255 appellitant.

172 1256 295 1314 XXXV.
315 1258 379 1315 Alia
389 1257 505 1315 subinde
518 1277 615 1315 manns
626 1258 857 1322 Cenomanorum,
868 1256 996 1314 Elitovio
1006 1256 1072 1312 duce

133 1336 250 1412 vestigia
261 1336 381 1413 priomm
391 1350 494 1405 secuta,
505 1339 603 1394 eodem
612 1338 691 1404 seim,
702 1338 810 1395 favente
819 1336 979 1403 Belloveso,
990 1355 1072 1412 quum

132 1417 344 1472 transcendisset
358 1417 454 1492 Alpes,
474 1418 523 1474 nbi
538 1437 611 1475 nunc
625 1416 719 1474 Brixia
732 1436 764 1474 ac
778 1415 887 1473 Verona
901 1417 990 1484 urbes
1003 1426 1070 1481 sunt,

132 1494 223 1568 (iocos
241 1505 356 1552 tenuere
376 1494 475 1570 Libui)
495 1497 649 1554 considunt.
690 1497 757 1553 Post
777 1494 827 1551 bos
847 1493 975 1560 Salluvii,
991 1512 1071 1569 prope

131 1572 270 1648 antiquam
291 1586 400 1648 gentem
422 1574 529 1632 Laevos
543 1575 668 1650 Ligures,
689 1575 839 1632 incolentes
852 1573 926 1630 eirca
941 1573 970 1630 T
971 1573 1070 1630 ieinum

130 1669 249 1708 amnem.
281 1653 395 1710 .Peniuo
409 1653 508 1711 deinde
523 1655 585 1710 Boii
599 1655 792 1729 Lingonesque
802 1652 976 1727 transgressi,
988 1671 1069 1727 quum

125 1729 183 1806 jam
204 1731 276 1788 inter
289 1731 396 1788 Padum
415 1745 498 1807 etque
512 1734 601 1810 Alpes
620 1734 712 1790 omniu
731 1745 897 1799 tenerentur,
914 1732 997 1789 Pado
1010 1731 1068 1788 rati·

131 1811 182 1866 bns
201 1809 324 1886 trajecto,
345 1831 399 1868 unu
422 1812 554 1870 Etruscos
571 1814 663 1880 mede,
683 1813 732 1870 sed
752 1812 834 1870 etiem
851 1811 986 1878 Umbros,
1007 1829 1068 1885 agro

127 1889 250 1964 pellunt:
271 1890 343 1948 intra
363 1892 541 1968 Apenninum
562 1907 654 1950 tameo
673 1911 733 1948 sese
753 1895 875 1948 tenuere.
916 1890 994 1948 Τιιιιι
1023 1890 1067 1947 Se·
1115 1899 1116 1913 ²

129 1987 224 2036 nones,
242 1971 422 2027 recentissimi
441 1973 617 2038 advenarum,
637 1972 671 2028 ab
687 1971 790 2030 Utente
804 1970 917 2028 flumine
930 1969 1066 2045 usquead

126 2048 228 2106 Aesim
249 2049 317 2107 fines
337 2049 465 2108 habuere.
505 2051 588 2108 Hane
608 2063 717 2126 gentem
735 2050 870 2116 Clusium,
893 2049 1065 2122 Romamque
1114 2095 1115 2135 q

129 2126 203 2191 inde,
219 2129 325 2185 venisse
345 2131 492 2202 comperio.
532 2129 565 2186 ld
586 2149 681 2206 parum
702 2143 806 2186 certe·
821 2139 873 2195 est,
887 2128 1021 2195 solamne,
1034 2147 1064 2184 en

128 2207 163 2262 ab
173 2208 300 2264 omnibus
314 2209 514 2283 Cisalpinorum
529 2209 671 2267 Gallorum
685 2208 794 2284 populis
804 2208 927 2283 adjutam
936 2205 959 2262 ³.
1001 2207 1063 2264 Clu·

128 2284 190 2350 sini,
204 2305 276 2343 novo
293 2287 364 2343 bello
377 2288 508 2354 exterriti,
529 2308 614 2363 quum
632 2287 844 2354 multitudinem,
866 2305 952 2361 quum
968 2286 1061 2344 fermus
1113 2349 1114 2357 χ

124 2359 270 2420 vhominum
292 2365 441 2423 invisitatus
461 2380 604 2424 cernerent
622 2379 652 2424 et
664 2385 750 2441 genus
763 2385 910 2430 armornm,
924 2366 1060 2424 audirent·

124 2459 191 2516 que,
208 2451 215 2476 ‘
228 2461 310 2518 saepe
323 2444 358 2500 ab
371 2445 413 2511 iis,
427 2445 466 2501 cis
481 2446 586 2502 Padum
601 2447 734 2521 ultraque,
748 2445 869 2520 legiones
883 2444 1059 2503 Etruscorum

129 2528 137 2554 ⁶
151 2521 242 2588 fusas,'
256 2541 410 2597 quanquam
424 2525 553 2580 adversus
568 2525 708 2582 Romanos
721 2525 825 2581 nulium
840 2524 880 2580 eis
888 2523 937 2599 jus
949 2524 1058 2582 societa-
1112 2551 1113 2579 l

127 2600 164 2656 tis
177 2600 348 2659 amicitiaeve
359 2601 372 2632 ⁴
385 2616 453 2670 erat,
467 2603 518 2660 nisi
533 2611 540 2636 ‘
554 2600 628 2679 quiid
643 2603 772 2680 Vejentes
786 2603 1004 2676 consanguineos
1016 2602 1057 2658 ad·

129 2686 244 2738 ‘versus
264 2682 395 2758 populum
417 2682 574 2740 Romanum
594 2703 649 2740 non
669 2682 872 2750 defendissent,’
886 2683 992 2756 legates
1006 2681 1056 2738 lio·

128 2777 210 2826 mem,
231 2762 278 2836 qui
298 2761 430 2818 auxilinm
448 2762 482 2818 ab
496 2776 591 2819 senatu
605 2774 738 2838 peterent,
753 2763 859 2820 misere.
900 2761 949 2818 De
962 2760 1056 2818 auxilie
1111 2731 1112 2801 i

126 2837 194 2895 nibil
214 2839 398 2917 impetratum.
438 2840 537 2916 Legati
551 2853 606 2898 tres
620 2841 664 2898 M.
679 2841 758 2898 Fabii·
770 2841 902 2897 Ambusti
915 2841 964 2896 iiiii
978 2838 1055 2904 missi,

126 2918 172 2991 qui
194 2919 304 2977 senatis
324 2920 472 2996 populique
493 2921 611 2978 Romani
632 2919 742 2976 nomine
757 2931 869 2994 agerent
887 2939 950 2976 cum
966 2916 1055 2983 Gallis,

127 3004 135 3030 ⁶
149 3017 192 3065 ne,
205 3018 222 3056 a
235 3000 333 3074 quibus
347 2999 447 3056 nullam
461 2999 586 3077 injuriam
601 2999 777 3075 accepissent,
792 2999 880 3056 socios
893 2997 988 3074 populi
1003 2997 1053 3054 Ro·

126 3083 221 3136 ‘mant
241 3092 323 3154 etque
341 3079 443 3136 amices
463 3092 660 3155 oppugnarent.
701 3077 834 3136 Romanis
847 3098 894 3134 eos
908 3077 980 3134 bello
994 3076 1053 3150 qub·
1109 3093 1110 3106 ι

125 3162 134 3192 ‘
148 3176 210 3233 que,
231 3158 254 3216 si
267 3177 310 3216 res
323 3170 411 3234 coget,
426 3161 543 3216 tuendos
556 3177 625 3215 esse.
666 3157 720 3215 Sed
735 3157 832 3214 meiius
845 3157 944 3243 visum,
961 3155 1052 3212 bellum

158 3307 164 3336 ¹
185 3310 324 3371 cognomine
341 3307 480 3356 [nonbibet
495 3305 612 3353 existente
631 3323 691 3368 pege
706 3295 857 3354 Aeduorum.
955 3297 965 3326 ¹
983 3301 1052 3350 'lbere

120 3389 172 3422 was
181 3391 195 3421 a
203 3386 267 3424 town
277 3375 306 3423 ni
314 3373 360 3420 this
369 3387 446 3431 name,
457 3375 513 3420 both
523 3373 547 3420 in
557 3375 598 3420 the
609 3383 711 3434 country
721 3372 750 3419 of
757 3374 797 3420 the
806 3372 920 3420 insubres
928 3369 976 3418 und
985 3370 1011 3418 ni
1016 3369 1051 3414 tbe

124 3443 247 3492 Santones.
335 3440 344 3470 ¹
362 3441 425 3502 Why
443 3450 485 3486 not
502 3446 558 3500 eolo,
576 3442 668 3504 edictu,
689 3456 743 3504 says
762 3443 850 3498 Bauer,
871 3449 896 3486 to
916 3453 987 3501 agree
1002 3435 1050 3482 nith

119 3513 234 3560 aenou?
301 3510 311 3540 ⁴
329 3509 383 3567 Yet,
392 3516 440 3556 two
448 3517 572 3558 sentences
583 3507 668 3568 below,
678 3510 733 3572 they
742 3524 782 3557 are
794 3507 870 3558 called
879 3507 936 3558 both
945 3501 1048 3558 tociituti

120 3593 197 3626 nutet.
