2232 3862
96 207 134 266 il
486 201 523 261 Τ.
543 199 662 264 Lrvn'

95 364 168 422 sueti
187 371 263 420 more
283 361 359 437 regio
374 360 473 419 vivere.
514 361 584 419 Earn
603 375 671 432 tum,
693 371 809 438 aequato
824 355 889 436 jure
903 363 1053 432 omnium,'

95 443 234 502 licentiam
248 453 418 516 quaerentes,
433 441 586 498 libertatem
600 444 714 500 aliomm
729 442 757 498 i'n
768 461 844 499 snam
856 445 971 502 vertisse
986 464 1050 502 ser·

95 523 211 580 vitutem
223 521 295 578 inter
307 540 337 578 se
351 522 596 595 conquerebantur.
637 529 644 556 ‘
660 522 767 597 Regem
781 521 920 579 hominem
935 544 1006 590 ease,
1032 543 1051 579 a

98 609 105 636 ‘
120 621 175 677 quo
189 602 328 676 impetres,
342 600 390 655 ubi
405 601 461 676 jue,
482 601 530 656 nbi
543 599 644 676 injuria
656 619 726 676 opus
739 601 791 667 sit;
811 619 871 658 esse
884 603 989 695 gratiae
1003 603 1050 659 lo-

97 689 104 715 ‘
120 701 193 748 cum,
208 700 268 737 esse
281 678 431 736 beneficio:
446 691 477 736 et
490 679 569 736 irasci
570 622 612 736 Jet
625 680 766 780 ignoscere
775 699 872 756 posse:
890 683 962 738 inter
975 682 1051 739 anri·

98 768 105 794 ‘
120 780 183 818 cnm
198 772 281 834 atque
298 759 440 815 inimicum
454 758 602 816 discrimen
615 763 704 816 ansae.
745 759 836 835 Leges
849 779 907 817 rem
921 761 1077 858 snrdamd
1079 780 1090 805 ¹

99 847 106 873 ‘
121 838 317 896 inexorabilem
328 857 397 904 esse,
408 837 585 894 salubriorem
594 838 811 930 melioremque
803 839 888 914 mopi,
900 861 983 914 qnam
995 859 1051 916 po·

99 926 107 952 ‘
121 919 209 976 tenti:
229 916 297 974 nibil
311 917 460 974 laxamenti
473 936 525 974 nec
539 918 635 974 veniae
649 916 798 984 habere,
777 937 801 973 ει
821 920 934 975 modurn
949 939 1053 977 exces-

100 999 199 1054 ιιιιιὶἰι.
241 996 428 1054 Periculosum
444 1015 513 1064 esse,
534 996 562 1053 in
580 1008 623 1054 tot
640 995 766 1054 humanis
780 997 916 1054 erroribus
930 998 1010 1056 solai'
1002 1017 1050 1054 rn-

100 1084 107 1112 ‘
121 1077 251 1135 nocentiai
263 1074 372 1132 vivere.'
414 1075 466 1142 Ita,
482 1075 540 1152 jam
554 1077 605 1132 suia
618 1088 715 1151 sponte
729 1077 817 1150 aegris
832 1077 940 1145 animis,
961 1078 1052 1152 legati

99 1158 133 1214 ab
148 1155 258 1232 regibus
272 1154 478 1230 superveniunt,
499 1155 558 1210 sine
577 1155 716 1211 mentione
734 1153 839 1212 reditis
852 1155 925 1214 bona
938 1157 1053 1214 tantiam

100 1247 265 1311 repetentes.
308 1234 412 1291 Eorum
428 1234 510 1290 verba
530 1246 674 1309 postquam
696 1233 724 1290 in
744 1247 842 1291 senatu
861 1236 955 1293 audita
971 1248 1052 1300 sunt,

99 1335 149 1389 per
162 1314 268 1388 aliquot
283 1314 342 1370 dies
355 1331 388 1369 ea
404 1313 569 1370 consultatio
583 1313 709 1380 tenuit,
684 1311 709 1349 ¹·
728 1332 763 1370 ne
777 1332 831 1370 non
845 1315 960 1382 reddita,
982 1315 1053 1372 belli

102 1413 201 1458 cansa;
218 1391 334 1459 reddita,
348 1391 411 1448 belli
423 1391 538 1448 materia
551 1403 579 1448 et
593 1391 783 1468 adjumentum
798 1405 898 1450 essent
931 1389 1053 1451 Interim

101 1473 185 1548 legati
198 1471 245 1528 alii
258 1470 312 1528 alia
325 1470 424 1537 ιιιοΙὶιί,
437 1473 531 1546 aperte
541 1470 614 1528 bona
624 1483 788 1546 repetentes,
800 1471 871 1530 elam
883 1493 1053 1566 recuperan-

101 1553 131 1607 ‹li
144 1570 221 1626 regni
212 1550 349 1608 consilia
361 1561 476 1606 struere.
517 1549 564 1615 Et,
580 1561 710 1624 tanquam
724 1551 759 1607 ad
773 1551 810 1617 id,
825 1553 899 1626 quod
913 1573 957 1628 agr
949 1552 1054 1608 vide-

101 1632 191 1697 batur,
212 1629 364 1686 ambientes
378 1629 509 1685 nobilium‘
525 1629 740 1686 adolescentiam
759 1630 865 1686 animos
881 1643 1053 1706 pertentant.

104 1714 132 1770 A
146 1709 246 1784 quibus
260 1708 367 1784 placide
380 1707 468 1763 oratio
482 1720 595 1783 accepta
609 1719 660 1774 est,
680 1707 722 1764 his
736 1708 828 1767 literas
841 1710 876 1766 ab
891 1709 1054 1786 Tarquiniis

103 1789 262 1854 reddunt²;
278 1800 307 1844 et
320 1787 355 1844 de
368 1787 534 1863 accipiendis
545 1786 616 1844 clam
627 1799 708 1844 nocte
719 1787 747 1844 in
757 1789 853 1846 urbem
865 1791 977 1866 regibus
993 1791 1054 1847 col·

104 1868 265 1943 loquuntur.

120 1993 123 2000 ,
144 1947 196 2004 IV.
210 1947 328 2004 Vitelliis
344 1947 529 2023 Aquilliisque
543 1947 671 2003 lmtrihns
685 1943 774 2023 primi)
788 1947 935 2006 commissa
944 1967 989 2004 res
1000 1955 1062 2005 est

105 2026 282 2084 Vitelliorum
302 2047 378 2083 soror
398 2027 504 2083 consuli
523 2038 610 2102 nupta
630 2026 719 2083 Bruto
736 2039 810 2084 erat:
826 2026 941 2102 jamque
961 2047 998 2084 ex
1019 2047 1058 2084 eo

106 2183 216 2260 qubqne
231 2185 258 2240 in
272 2186 432 2242 societatem
447 2185 553 2242 consilii
566 2185 693 2241 avunculi
712 2197 864 2242 assumunt.
905 2137 1056 2242 Praeterea

107 2277 136 2323 et
149 2264 254 2320 nobiles
268 2265 371 2338 aliquot
385 2264 572 2320 adolescentes
590 2263 693 2321 conscii
710 2265 852 2338 assumpti,
874 2257 993 2355 querum
1008 2283 1056 2319 ve·

108 2354 211 2399 tustate
225 2343 358 2398 memoria
370 2343 445 2399 abiit.
485 2341 600 2400 Interim
615 2361 700 2417 quum
715 2343 743 2399 in
756 2355 854 2400 senatu
867 2343 980 2401 vicisset
993 2363 1055 2400 seu

145 2512 151 2539 ¹
173 2514 269 2560 Tenuit.
309 2510 531 2572 Supplysenatnm.
561 2513 649 2559 Tenere
661 2510 688 2569 is,
706 2511 822 2569 however,
836 2511 903 2558 often
915 2509 976 2557 used
988 2509 1014 2556 in
1027 2525 1057 2556 ιιι

112 2578 262 2626 intransitive
274 2592 349 2632 sense,
362 2582 488 2627 continued
495 2602 504 2636 ,·
519 2579 582 2631 thus.
598 2579 679 2626 Imber
688 2577 813 2627 continens
821 2594 864 2640 per
873 2587 970 2626 noctem
983 2587 1057 2625 totam

111 2662 188 2708 usque
198 2645 227 2692 ad
240 2647 323 2692 horam
335 2645 428 2693 tertiam
441 2645 489 2692 diei
497 2645 644 2708 insequentis
653 2650 735 2702 tenuit,
749 2647 816 2695 xxiii.
830 2645 870 2694 44.
898 2647 930 2694 In
941 2661 957 2692 a
968 2645 1059 2692 similar

111 2729 219 2766 rnanner.
238 2714 330 2774 though
345 2724 387 2760 not
404 2713 428 2759 in
448 2716 488 2760 the
499 2729 564 2759 seme
576 2729 652 2768 sense,
670 2715 710 2760 the
724 2715 827 2778 English
839 2715 904 2766 verb.
916 2723 942 2761 to
954 2713 1021 2770 bold,
1034 2713 1059 2760 in

111 2783 171 2828 such
183 2780 332 2841 expressions
343 2797 376 2837 as,
391 2781 449 2828 This
460 2791 589 2842 argument
599 2785 664 2830 holds
676 2780 748 2845 good.
818 2782 828 2811 ¹
845 2786 969 2831 Reddunt-
991 2781 1058 2838 'Not

114 2867 140 2896 us
157 2851 196 2896 the
214 2848 372 2908 composition
389 2848 418 2895 of
432 2850 471 2895 the
483 2847 549 2894 word
566 2850 673 2909 imports.
691 2859 784 2906 restore,
802 2851 846 2896 but
863 2849 951 2910 simply
963 2852 1056 2898 deliber.

115 2919 168 2966 The
180 2917 244 2964 force
256 2915 285 2962 of
298 2917 339 2962 the
350 2915 448 2976 particle
459 2935 492 2972 re,
511 2917 532 2962 is
542 2917 608 2962 often
620 2917 719 2979 merged
731 2917 755 2964 in
768 2934 783 2964 a
793 2915 884 2964 similar
895 2931 1006 2971 manner,
1017 2917 1060 2962 but

115 2986 139 3030 ἰιι
153 2984 186 3032 all
198 2999 263 3032 cases
274 2983 392 3047 denoting
401 3001 415 3030 ιι
427 2983 586 3032 transference
603 2984 665 3034 from
678 2999 725 3032 one
736 2987 815 3049 object
825 2993 851 3032 tn
861 2985 971 3032 another.
1011 2983 1059 3030 The

114 3053 195 3100 letters
206 3051 253 3099 had
271 3053 331 3100 been
348 3052 373 3098 in
390 3053 430 3098 the
446 3051 522 3098 hands
533 3052 562 3098 of
575 3067 621 3098 one
635 3061 671 3098 set
686 3053 715 3099 ot*
729 3068 785 3100 rnen
802 3053 883 3100 before
900 3053 941 3098 the
953 3050 1061 3112 depnties

116 3137 178 3168 were
190 3119 307 3167 intrusted
318 3120 375 3170 with
386 3122 467 3178 them·
483 3121 539 3182 they
549 3135 610 3181 gave
622 3120 686 3166 thern
697 3123 785 3182 agaim
798 3119 980 3199 consequently,
994 3120 1059 3165 when

116 3190 172 3250 they
184 3186 303 3235 delivered
316 3188 380 3234 them
393 3197 417 3234 to
429 3188 469 3233 the
483 3188 579 3239 Roman
596 3187 679 3248 youth,
699 3189 791 3252 though
808 3197 851 3234 not
862 3187 949 3250 giving
960 3190 1027 3236 thern
1038 3195 1060 3232 to

118 3258 158 3303 the
171 3271 235 3303 same
247 3263 290 3309 set.
309 3257 364 3322 they
376 3264 464 3302 cannot
479 3257 510 3302 be
521 3254 572 3300 sard
583 3263 609 3301 to
621 3265 706 3304 restore
717 3256 789 3302 thern
829 3255 858 3303 In
872 3257 1059 3315 thesameway,

119 3339 155 3370 we
167 3339 223 3385 may
234 3321 330 3382 explain
341 3319 399 3369 euch
412 3337 522 3384 passages
533 3337 566 3378 as,
579 3326 609 3370 In
619 3333 682 3372 cnetr
670 3326 703 3372 ria
713 3326 875 3373 Helvetiorum
886 3325 979 3372 tabulae
988 3339 1061 3383 reper-

120 3403 156 3462 tae
173 3401 230 3444 runt
246 3393 319 3438 literis
335 3393 430 3440 Graecis
443 3393 571 3468 confictqe,
588 3399 609 3438 et
626 3395 659 3439 nd
673 3396 802 3441 Caesarem
812 3391 900 3438 relatae
918 3393 998 3454 (some
1010 3387 1061 3435 read

117 3477 161 3520 per
161 3459 242 3517 ntae).
283 3458 358 3506 cina
382 3461 439 3508 Bell·
463 3457 550 3510 Gad'
543 3473 561 3504 ι.
581 3457 620 3505 29.
663 3458 783 3508 Redditus
802 3463 839 3509 ln'r
854 3461 964 3522 primum
987 3460 1061 3509 terris·

124 3524 229 3583 vinoun,
242 3530 302 3575 Aen.
318 3524 349 3573 ιί.
368 3526 404 3576 18.
