2262 3858
16 240 21 302 l

469 177 594 240 LIBER
617 179 653 239 tl.
972 185 1030 242 307
1057 235 1058 242 ,

92 339 137 396 tim
151 338 306 397 mutatione
323 337 350 394 in
372 340 537 397 contrarium
557 340 638 403 lacti.
662 323 719 396 sire
739 338 791 396 ulit
807 339 862 415 qud
882 339 917 397 do
937 342 1029 408 ausa

92 419 179 491 gravis
198 419 385 496 pestilensque
400 419 525 476 omnibus
539 419 701 476 animalibus
715 431 803 476 aestas
819 419 937 496 excepit.
972 420 1029 478 Cn²

17 522 20 571 ς
88 497 132 572 jus
145 497 289 555 insanabili
303 496 442 573 pernicie¹
456 500 565 574 quando
579 517 630 556 nec
643 517 725 556 ιιιιιι
736 517 788 555 nee
802 498 863 555 linis
873 498 1029 557 invenieba-

16 579 17 584 ’
79 583 140 644 tur,
155 578 219 634 libri
234 576 362 653 Sibyllini
376 595 411 634 ex
424 578 535 636 senatuis
549 579 674 634 consulto
687 577 754 635 aditi
768 589 840 634 suut.
880 577 1028 635 Duumriri

89 656 173 713 sacris
186 655 332 723 faciundis,
352 655 545 714 Ιιιιίιιιιιιιίο2
565 670 631 714 tuno
647 657 764 733 primirm
779 656 807 711 in
820 657 888 714 urbe
902 657 1029 719 Romana

15 799 17 822 i
89 735 170 803 facto,
194 755 246 812 per
269 735 328 792 dies
352 747 415 792 octo
440 736 610 812 Apollinem,
637 735 828 810 Latonamque
848 748 877 792 et
899 735 1027 804 Dianam,
1061 739 1066 751 '

90 813 254 882 Herculem,
276 813 448 888 Mercurium
469 827 551 890 atque
569 811 731 908 Neptunum
751 815 847 881 tribus,
868 813 950 888 quam
970 835 1027 873 am·

90 893 214 968 plissime
228 905 288 950 tum
302 893 426 970 apparari
439 907 555 970 poterat,
575 895 666 951 stratis
681 894 760 952 lectis
778 893 926 969 placavere.
968 895 1028 952 Pri·

88 972 172 1030 raum
187 973 299 1064 quique
312 973 340 1029 id
354 991 461 1030 sacrum
478 974 644 1031 celebratum
656 986 707 1030 est
747 973 843 1029 ‘Tota
855 974 922 1029 urbe
932 985 1028 1049 paten-

15 1111 17 1126 ,
90 1058 96 1086 ‘
109 1051 208 1109 tibus'
195 1051 300 1128 Januis,
313 1052 523 1128 promiscuoque
537 1073 588 1110 usu
601 1073 692 1110 rerum
707 1051 829 1110 omnium
843 1052 872 1108 in
884 1053 1029 1128 propatulo

15 1137 16 1144 ι

15 1145 17 1156 ι

15 1231 17 1280 l

89 1129 212 1207 ‘posito,
233 1143 314 1188 notos
333 1132 497 1207 ignotosque
510 1133 610 1226 passim
624 1132 763 1188 adrenas'
755 1151 783 1187 ιιι
797 1130 947 1207 hospitium
959 1132 1027 1190 duc-

88 1209 161 1266 ‘tos’
175 1212 314 1275 lerunt;‘
328 1223 356 1267 et
375 1230 440 1268 cum
460 1211 578 1268 inimicis
592 1207 701 1286 quoique
721 1209 840 1285 benigne
860 1229 892 1268 ac
912 1210 1027 1268 comiter

15 1307 16 1318 ¹
88 1296 252 1346 ‘sermones
271 1287 418 1357 habitos,'
405 1290 504 1366 Jurgiis
527 1310 560 1347 ao
579 1291 672 1347 litibus
692 1301 895 1366 temperatum
926 1290 1026 1347 vinctis

15 1385 16 1426 ἐ
88 1365 223 1444 ‘queque
237 1369 369 1445 dempta
362 1388 389 1424 tn
404 1389 452 1426 eos
465 1369 524 1426 dies
538 1369 661 1436 vincula;
681 1369 806 1444 religioni
819 1369 919 1426 deinde
931 1368 1025 1436 lauisse,

88 1449 285 1523 ‘quibusoam
300 1467 380 1524 opem
396 1447 445 1506 Dii
459 1449 593 1516 tulissent,
614 1448 726 1506 vinciri.
765 1447 879 1505 Interim
893 1449 928 1506 ad
942 1448 1027 1527 Vejos

87 1540 174 1584 terror
188 1527 334 1604 multiplex
343 1527 412 1593 fuit;
433 1528 537 1584 tribus
530 1548 558 1584 tn
569 1548 653 1584 unum
663 1528 740 1585 bellis
753 1528 868 1585 collatis.
899 1527 1026 1604 Namque

85 1609 195 1672 eodem,
211 1626 267 1682 quo
280 1618 368 1674 autea,
383 1605 466 1664 modo
479 1608 551 1664 circa
564 1607 742 1675 munimenta,
753 1627 838 1682 quum
848 1609 960 1684 repente
971 1610 1026 1666 Ca·

85 1700 201 1760 penates
212 1685 364 1760 Faliscique
375 1685 497 1742 subsidio
512 1687 657 1754 venissent,
671 1687 801 1743 adversus
815 1699 871 1744 tres
887 1687 1026 1746 exercitus

85 1765 550 1920 tttttttltlttttthtt
589 1767 1027 1921 ltttttttthttttt

85 1923 118 1980 de
131 1937 216 1981 antea
230 1936 366 1980 cessatum
387 1923 484 1992 luerat,
505 1923 580 1981 brevi
600 1923 689 1999 spatio
706 1924 909 1981 circumductae
929 1924 1024 2000 copiae

86 2001 252 2081 Capenates,
273 2003 300 2058 in
315 2002 415 2059 vallum
431 2003 588 2060 Romanum
602 2021 703 2069 versos,
723 2003 757 2058 ab
771 2015 848 2077 tergo
861 2003 1025 2078 aggrediun-

85 2095 136 2139 tur.
178 2081 250 2139 Inde
263 2101 357 2158 pugna
376 2094 475 2158 coepta
491 2094 520 2138 et
535 2081 645 2139 Faliscis
666 2081 759 2138 intulit
778 2093 918 2148 terrorem,
939 2082 1024 2158 trepi-

84 2161 238 2236 dantesque
247 2161 356 2237 eruptio
365 2181 401 2218 ex
414 2161 509 2218 eastris
520 2163 673 2237 opportune
686 2160 758 2217 lacta
770 2160 876 2217 avertit.
918 2160 1024 2237 Repul-

83 2261 127 2299 sos
141 2241 245 2300 ‹leinde
258 2240 375 2298 insecuti
388 2241 505 2298 victores
515 2240 654 2316 ingentem
665 2239 810 2296 ediderunt
820 2240 941 2297 caedem.
963 2239 1023 2299 Nec

82 2320 120 2378 ita
134 2321 225 2378 multo
239 2321 301 2394 post
315 2318 373 2396 jam
388 2321 519 2396 palantes,
539 2319 624 2376 veluti
645 2319 715 2376 forte
734 2320 826 2385 oblati,
846 2319 1022 2397 populatores

84 2399 236 2476 Capenatis
256 2399 314 2474 agri
334 2399 461 2474 reliquias
480 2418 588 2475 pugnae
608 2400 800 2475 absumpsere:
820 2413 849 2456 et
863 2397 1022 2475 Vejentium

82 2480 251 2556 refugientes
265 2479 292 2534 in
306 2478 404 2536 urbem
418 2479 498 2536 multi
510 2489 573 2536 anta
586 2491 678 2554 portas
692 2479 772 2545 oaesi,
786 2479 852 2534 dum
861 2497 926 2555 prae
936 2491 1022 2543 metu,

81 2579 116 2616 ne
128 2559 213 2615 simul
229 2557 372 2616 Romanus
385 2558 555 2634 irrumperet,
570 2557 683 2635 objectis
692 2558 795 2614 foribus
808 2570 945 2616 extremos
959 2576 1024 2614 suo·

82 2657 143 2696 rum
158 2637 310 2694 exclusere.

120 2716 204 2774 XIV
223 2716 304 2774 Haec
323 2735 358 2773 eo
377 2735 449 2773 anno
469 2727 537 2774 acta.
578 2714 650 2772 Ει
638 2735 696 2806 Jam
718 2715 830 2772 comitia
851 2715 1023 2774 tribunorum

83 2796 204 2854 militum
225 2797 346 2860 aderant,
368 2815 483 2871 quorum
499 2813 583 2872 prope
598 2793 683 2871 major
698 2794 832 2860 Patribus,
850 2793 931 2869 quam
947 2795 1022 2863 belli,

82 2895 149 2933 cura
170 2887 245 2941 eratr
264 2874 366 2950 quippe
380 2893 434 2930 non
449 2874 679 2932 communicatum
695 2870 778 2930 modb
791 2893 854 2931 oum
869 2874 957 2950 plebe,
972 2875 1022 2932 sed

79 2973 168 3031 prope
188 2955 328 3020 amissum,
356 2953 529 3012 cernentibus
555 2972 693 3010 summum
721 2953 874 3029 imperium.
924 2953 1022 3030 Itaque

81 3033 276 3092 clarissimis
252 3033 316 3090 viris
335 3052 371 3090 ex
383 3033 536 3109 composito
550 3032 714 3108 praeparatis
727 3033 762 3089 ad
780 3033 938 3108 petendum,
952 3053 1022 3108 quos

82 3113 275 3190 praetereundi
296 3112 486 3170 verecundiam
512 3113 655 3170 crederent
676 3112 742 3180 fore,
763 3111 939 3169 nihilomiuus
958 3113 1021 3189 ipsi,

116 3261 122 3289 ¹
144 3261 197 3308 'I'he
214 3275 280 3308 more
296 3258 408 3322 ordinary
419 3259 482 3307 form
493 3259 513 3308 is
527 3263 649 3321 perniciei.
724 3255 734 3284 ¹
751 3259 781 3307 ln
793 3260 833 3306 tbe
844 3260 1021 3318 lectisternium,

83 3327 180 3390 (lectus
190 3326 304 3406 sterno)
316 3328 417 3375 couches
426 3342 488 3373 were
500 3326 583 3386 spread
596 3327 633 3373 lor
644 3327 683 3373 the
694 3325 755 3388 gods
766 3343 791 3374 as
804 3327 825 3372 if
832 3329 906 3374 about
916 3335 940 3372 to
951 3323 1019 3384 least,

83 3395 149 3444 ‘and
168 3395 252 3442 tbeir'
244 3410 336 3459 umages
347 3395 419 3442 taken
431 3394 501 3441 down
513 3393 575 3442 from
587 3393 648 3442 their
659 3393 784 3454 pedestals‚
802 3392 849 3440 and
861 3391 943 3454 placed
953 3406 1019 3451 upon

82 3462 163 3511 their
178 3464 281 3511 couches
297 3461 376 3514 round
393 3464 434 3510 the
450 3462 529 3522 altars,
541 3461 617 3508 which
630 3476 691 3508 were
707 3459 792 3508 loaded
805 3460 862 3506 with
878 3458 918 3506 the
935 3457 1021 3508 richest

81 3531 198 3580 dishea'
236 3531 273 3580 Dr
287 3532 378 3580 horu.
